2880 4734
747 210 790 276 24

195 383 231 448 in
252 382 438 450 Plutarcho
451 383 504 470 ¹¹⁰)
536 385 597 452 sub
629 384 760 451 nomine
783 384 935 472 Lycurgi
966 385 1035 453 alia
1062 389 1249 474 praecepta
1269 390 1346 454 tra-

196 487 333 569 duntur,
358 488 478 577 quibus
496 489 658 577 Spartani
680 512 780 578 quam
801 492 946 559 maxime
967 491 1011 559 ad
1033 491 1250 559 venationem
1272 493 1347 559 sint

196 591 343 661 adducti.
400 593 498 660 Omni
532 595 619 661 enim
654 594 928 669 Lacedaemonio,
966 595 1020 663 cui
1057 618 1156 664 canes
1191 597 1347 665 venatici

196 696 347 781 deerant,
372 698 498 766 licebat
519 722 577 767 eos
601 700 754 767 aricino
778 701 990 789 opulentiore
1013 701 1199 791 postulare,
1223 702 1348 770 necui

84 874 87 883 ,
196 812 381 890 paupertas
404 804 677 892 impedimentum
704 806 748 872 ad
770 806 983 872 venationem
1006 809 1108 875 esset.
1153 807 1347 875 Praeterea

195 907 299 996 isqui
320 909 356 974 in
379 909 531 977 venando
555 911 731 998 proculab
751 913 835 978 urbe
857 911 1079 995 discessisset,
1101 911 1238 999 publica
1261 933 1347 979 cena

195 1013 363 1082 liberatus
397 1020 483 1083 erat.
542 1017 666 1105 Itaque
702 1040 768 1084 non
804 1016 967 1083 miramur
1003 1017 1268 1105 Aristophanem
1308 1017 1346 1084 in

197 1117 463 1207 Lysistrata¹¹¹)
487 1122 625 1188 carmini
649 1122 989 1190 Lacedaemoniorum
1011 1123 1106 1189 chori
1128 1123 1345 1210 praeclarum

195 1221 281 1289 illud
305 1225 492 1313 exemplum
515 1227 590 1315 apri
612 1226 731 1294 dentes
756 1231 950 1314 spumantes
983 1227 1134 1294 acuentis
1166 1227 1344 1310 tribuisse,

197 1327 289 1395 cuius
313 1329 354 1397 de
375 1330 517 1418 pedibus
540 1332 644 1398 sudor
668 1354 727 1399 seu
750 1353 867 1420 spuma
883 1332 1010 1399 defluit.
1057 1331 1187 1400 Iterum
1201 1332 1347 1399 iterum-

64 1495 69 1505 ,
196 1454 261 1518 que
292 1433 471 1501 invocatur
500 1435 563 1502 hoc
594 1436 741 1503 carmine
769 1436 943 1521 Ἀγροτέρα
975 1439 1155 1521 σηρόκτονε
1180 1487 1288 1504 .....
1317 1435 1345 1504 ὦ

196 1536 319 1622 κυναγὲ
347 1539 500 1641 παρσένε.
546 1540 708 1628 Spartani
739 1541 826 1607 enim
848 1541 934 1606 nibil
964 1543 1150 1608 cantabant
1172 1541 1348 1609 sententia

196 1641 457 1712 Atheniensium
479 1646 546 1712 nisi
567 1646 694 1714 bellum
716 1651 777 1712 aut
800 1650 970 1713 venatum.

615 1915 658 1982 sse
679 1915 932 1983 Atheniensibus.

284 2057 435 2123 Transeo
467 2054 511 2122 ad
538 2054 766 2122 Athenienses
798 2054 933 2122 Ionicae
966 2055 1090 2142 gentis,
1126 2078 1269 2144 quorum
1304 2055 1348 2123 de

196 2161 296 2228 rebus
320 2160 484 2228 venaticis
507 2159 651 2226 maxime
666 2159 754 2226 liber
771 2159 1010 2246 Cynegeticus,
1033 2160 1092 2247 qui
1107 2160 1345 2248 Xenophontis

197 2265 333 2348 dicitur,
362 2265 471 2333 adhuc
493 2286 597 2351 agere
620 2266 817 2351 putabatur.
864 2265 960 2331 Nunc
982 2268 1105 2346 autem,
1138 2266 1347 2351 praesertim

196 2375 377 2460 postquam
399 2369 652 2437 Radermacher
684 2370 719 2434 in
742 2368 857 2435 Museo
881 2369 1110 2455 Rhenauo¹¹²)
1132 2392 1204 2436 rem
1234 2368 1346 2438 denuo

197 2475 347 2543 feliciter
369 2475 546 2556 tractavit,
576 2474 668 2542 inter
691 2496 804 2541 omnes
828 2474 886 2561 qui
908 2474 994 2540 hanc
1020 2497 1092 2541 rem
1121 2474 1348 2562 agitaverunt

197 2584 356 2647 constare
378 2580 479 2646 credo
503 2579 762 2666 Xenophontem
785 2579 872 2645 hunc
901 2578 1054 2645 libellum
1077 2602 1145 2645 non
1167 2579 1346 2666 scripsisse

197 2684 233 2751 id
255 2683 344 2773 quod
367 2707 409 2751 ex
432 2683 596 2751 sermonis
620 2684 859 2750 observatione
891 2685 976 2750 satis
1009 2684 1129 2751 elucet.
1176 2684 1252 2766 Qua
1274 2686 1346 2773 opi·

197 2789 298 2857 nione
330 2793 468 2876 accepta
490 2789 526 2854 in
549 2787 797 2855 dubitationem
825 2788 1012 2867 incidimus,
1036 2812 1102 2877 quo
1126 2789 1274 2877 scriptus
1300 2791 1347 2856 sit

198 2899 352 2983 tempore
373 2894 461 2961 liber
474 2893 703 2981 Cynegeticus
726 2893 1127 2982 PseudoxenophonteuS,
1151 2916 1260 2982 neque
1284 2894 1347 2961 sci-

197 3023 270 3067 mus
294 2999 387 3066 cuius
411 2998 564 3066 civitatis
591 2998 700 3065 fuerit
731 2998 790 3065 ille
819 2997 957 3084 ignotus
982 2999 1046 3065 vir.
1094 2998 1145 3064 De
1166 2997 1219 3064 his
1242 2999 1346 3064 rebus

198 3104 234 3170 in
256 3104 323 3171 alio
347 3103 458 3192 capite
480 3108 601 3192 postea
618 3108 749 3189 agetur,
772 3103 807 3170 in
821 3104 933 3170 studio
951 3106 1066 3170 autem
1081 3103 1345 3171 Atheniensium

197 3210 344 3277 venandi
366 3208 585 3276 describendo
608 3211 651 3276 ab
674 3232 712 3276 eo
735 3208 824 3276 libro
847 3210 1019 3276 abstinere
1042 3210 1165 3276 malim.

287 3369 376 3451 Quin
410 3368 490 3435 olim
520 3368 643 3435 Attica
679 3372 778 3435 terra
811 3368 899 3435 sicut
933 3368 1038 3434 omnis
1072 3368 1218 3435 Graecia
1251 3370 1347 3456 apris

199 3473 309 3540 cervis
333 3473 505 3561 leporibus
529 3473 716 3561 bestiisque
731 3472 957 3540 abundaverit
977 3496 1045 3539 non
1060 3473 1188 3540 dubito.
1235 3474 1348 3541 Testi-

198 3579 309 3645 monio
342 3583 422 3645 sunt
452 3578 616 3664 imagines
648 3578 760 3666 pictae
782 3577 818 3642 in
832 3577 997 3660 vasculis,
1030 3577 1089 3643 ubi
1119 3600 1228 3665 neque
1254 3580 1349 3646 retia

198 3707 306 3772 neque
330 3686 511 3750 venatores
534 3706 609 3749 cum
623 3684 761 3750 canibus
778 3682 909 3750 desunt.
956 3682 1023 3749 Sed
1038 3682 1074 3748 in
1089 3683 1235 3750 vasculis
1251 3685 1347 3752 rubr.

199 3789 255 3875 fig.
288 3787 450 3874 imagines
484 3789 701 3855 venationum
732 3788 798 3855 iam
831 3811 899 3854 non
931 3791 1070 3855 exstant
1101 3787 1350 3855 cotidianarum

200 3897 329 3978 (earum
361 3893 434 3960 dico
467 3893 694 3975 venationum,
728 3916 814 3981 quae
844 3893 1014 3960 nobilibus
1046 3893 1131 3959 viris
1155 3898 1191 3960 et
1214 3893 1348 3960 adules-

199 3998 362 4080 centibus
388 4001 427 4064 ut
451 3997 557 4064 otium
580 3997 769 4085 expleatur,
793 3996 888 4064 cordi
911 3998 1013 4084 sunt).
1048 3997 1137 4063 Nam
1159 3999 1200 4063 ut
1222 3998 1347 4086 aliquis

291 4196 353 4261 110)
372 4193 444 4247 Plut.
465 4193 529 4262 Lyc.
552 4194 592 4261 12,
613 4195 637 4246 5.
749 4193 812 4262 111)
830 4193 877 4246 Ar.
898 4192 962 4261 Lys.
985 4194 1051 4245 1247
1063 4208 1122 4260 sqq.

291 4286 353 4352 112)
371 4281 500 4336 Raderm.
520 4280 572 4335 Rh.
592 4282 629 4335 M.
649 4278 681 4335 51
702 4282 805 4352 (1896).
