2880 4734
693 212 736 277 59

143 383 297 452 convinci
326 387 479 472 possunt.
528 383 738 452 Venaturam
769 383 857 451 enim
886 384 1032 452 Plautus
1064 386 1293 453 conformavit

144 491 189 558 ad
211 494 397 578 capturam,
427 512 513 577 quae
535 512 603 558 vox
624 495 745 577 aperto
768 489 905 566 videtur
933 490 1000 557 iam
1030 496 1102 558 tum
1133 490 1291 558 habuisse

146 619 280 662 sensum
303 595 473 662 inhonesti
495 596 680 664 meretricii
709 600 881 683 quaestus.
926 595 1154 683 <Venaturam
1185 595 1290 663 oculis

144 700 273 787 faeere>
288 723 309 768 a
323 700 449 767 Plauto
472 700 686 767 transfertur
702 700 869 768 Graecum
890 701 1079 789 <ὀφθαλμοὶ
1101 700 1291 786 uppusun>

142 805 408 894 concupiscentis
421 804 618 874 meretricis.
653 806 780 873 Eodem
792 807 889 874 modo
904 808 956 874 Pl.
972 807 1032 877 vix
1046 829 1109 895 pro
1125 806 1291 894 (piscatu)

146 911 258 978 dicere
280 911 396 999 potuit
419 910 470 996 <in
488 915 616 978 venatu
631 912 720 998 meo>
734 911 802 979 nisi
817 911 969 980 Graecae
985 912 1137 1000 exemplo
1152 912 1290 999 linguae

144 1020 337 1099 commotus
366 1017 402 1083 in
424 1039 491 1105 qua
511 1021 602 1102 θήρα
624 1020 784 1084 venatum
806 1018 973 1106 piscatum
1003 1019 1179 1107 aucupium
1209 1020 1290 1106 quin

144 1123 248 1189 etiam
279 1121 448 1189 hominum
482 1126 659 1210 capturam
693 1121 872 1209 significat,
911 1144 984 1190 cum
1016 1123 1193 1210 (venatus)
1225 1147 1288 1213 pro

144 1227 310 1315 (piscatu)
331 1226 367 1294 in
390 1227 618 1295 Romanorum
641 1226 758 1316 lingua
779 1251 945 1316 nusquam
958 1225 1163 1297 inveniatur.
1200 1231 1291 1297 Item

146 1334 288 1401 Casinas
318 1355 438 1401 versus
469 1336 563 1400 recto
592 1334 723 1400 demum
753 1333 967 1420 intellegitur
998 1339 1034 1402 et
1063 1334 1291 1402 translatione

144 1438 288 1521 Graeca,
319 1437 489 1525 significat
510 1439 615 1506 anim:
646 1437 744 1505 Sicut
767 1438 784 1506 ὁ
807 1438 990 1525 κυνηγέτης
1012 1442 1084 1523 ἄγει
1113 1442 1173 1506 τὸν
1194 1443 1289 1523 κύνα,

148 1548 187 1611 tu
211 1566 342 1632 sempor
364 1547 477 1610 tecum
498 1542 601 1610 habes
625 1543 890 1611 oblatratricem.

232 1647 299 1715 Sed
322 1648 404 1716 haec
425 1648 559 1736 quidem
581 1647 755 1718 hactenus.
793 1649 923 1716 Contra
946 1650 1034 1716 enirn
1049 1649 1291 1717 affirmaverim

144 1753 322 1841 aucupium
346 1758 490 1841 etquac
513 1775 648 1820 comeo
673 1754 850 1821 coniuncta
873 1754 1005 1841 sint²⁷¹)
1029 1777 1102 1822 esse
1127 1756 1290 1822 sermonis

146 1858 335 1926 Romani.
381 1857 483 1945 Apud
506 1857 666 1925 Plautum
689 1859 849 1946 aucupari
872 1859 943 1925 sim.
968 1881 1097 1946 semper
1120 1859 1291 1945 significat

145 1966 250 2030 verba
273 1964 410 2029 auribus
434 1962 598 2050 excipere,
632 1962 720 2030 sicut
751 1985 873 2050 auceps
905 1986 986 2030 aves
1018 1963 1129 2051 plagis
1161 1967 1289 2050 captat.

144 2071 267 2157 Itaque
290 2068 382 2155 <illio
405 2089 478 2136 sese
499 2060 678 2155 impedivit
700 2070 736 2134 in
757 2069 893 2156 plagas>
907 2068 961 2156 ²⁷²)
985 2075 1022 2137 ct
1050 2067 1232 2155 <hominem
1253 2069 1290 2134 in

144 2174 263 2261 plagas
285 2173 455 2258 conicere>
465 2171 519 2258 218)
542 2173 586 2239 ad
615 2174 792 2263 aucupium
814 2176 1002 2241 Romanum
1031 2197 1098 2240 non
1126 2173 1289 2261 pertinet,

144 2279 203 2345 sed
226 2279 269 2345 ad
291 2279 370 2346 illas
386 2302 408 2346 a
421 2279 532 2366 potitis
551 2277 689 2347 Graccis
706 2284 861 2366 receptas
878 2280 1062 2367 opiniones,
1086 2300 1168 2366 quas
1185 2300 1289 2366 supra

144 2385 233 2471 apud
256 2384 408 2470 tragicos
432 2384 539 2450 fusius
563 2384 715 2451 tractavi
737 2383 794 2467 [cf.
818 2408 850 2471 p.
874 2385 917 2449 29
929 2385 1024 2472 sqq.].

629 2600 835 2608 -——-———

229 2877 264 2944 A
279 2876 419 2945 Graecis
435 2876 501 2943 iam
525 2878 745 2944 transivimus
761 2877 805 2943 ad
818 2877 960 2945 heredes
977 2900 1092 2944 eorum
1107 2878 1287 2944 Romanos.

144 2982 210 3066 Qui
231 2982 371 3048 ultimus
395 2981 583 3050 Germanus
608 2981 649 3049 de
672 3003 710 3049 re
733 2983 890 3050 venatica
912 2982 1003 3068 apud
1021 2983 1192 3066 Romanos
1217 2982 1289 3068 egit

143 3087 377 3172 Lauchert²³⁴)
414 3112 482 3157 non
519 3089 701 3171 dubitavit,
747 3092 828 3178 quin
873 3088 1023 3157 studium
1059 3089 1288 3156 Romanorum

143 3195 288 3263 venandi
310 3196 490 3282 genuinum
515 3197 572 3281 sit,
596 3193 654 3265 sed
676 3205 857 3286 postquam
874 3197 1036 3286 prooemii
1051 3196 1124 3263 loco
1142 3194 1287 3282 elogium

144 3300 335 3367 venationis
368 3302 555 3390 praemisit,
593 3303 736 3370 materia
772 3303 919 3391 undique
957 3301 1209 3389 conglomerata
1247 3299 1289 3366 de

143 3404 372 3471 Romanorum
394 3409 521 3473 venatu
544 3404 625 3494 egit.
671 3407 724 3474 Nc
746 3408 782 3472 in
804 3408 949 3473 animum
971 3405 1104 3494 quidem
1135 3404 1165 3471 ci
1196 3404 1290 3471 vide·

143 3515 202 3576 tur
224 3511 358 3578 venisse
379 3511 489 3578 multa
511 3534 625 3578 eorum
647 3533 732 3600 quae
755 3512 844 3599 apud
858 3513 1002 3579 Latinos
1025 3514 1143 3599 po'e’tas
1158 3509 1289 3577 inveni·

234 3777 298 3846 271)
317 3777 477 3845 aucupium:
498 3779 595 3832 Bacch.
609 3781 669 3832 792.
695 3778 753 3832 Mil.
768 3779 803 3846 gl.
818 3781 878 3833 607.
892 3779 953 3832 955.
966 3780 1026 3832 991.
1041 3780 1101 3832 995.
1128 3777 1210 3831 Most.
1225 3778 1286 3829 472.

143 3865 219 3920 Pers.
239 3868 299 3920 480.
328 3865 398 3920 auu.
421 3869 497 3920 1236.
526 3867 609 3920 Stich.
631 3870 688 3920 102.
708 3867 756 3920 alii
774 3873 839 3920 sunt
858 3865 1025 3920 confercndi.

232 3955 297 4024 272)
316 3955 373 4009 Mil.
395 3955 429 4024 gl.
452 3959 527 4009 mss.
686 3957 750 4024 273)
770 3956 844 4008 Trin.
865 3959 925 4008 257.

235 4045 299 4112 274)
318 4044 363 4097 Fr.
384 4044 539 4098 Lauchcrt:
562 4045 617 4098 Das
631 4043 787 4097 Weidwerk
807 4044 856 4098 der
875 4045 999 4098 Roemor.
1032 4044 1126 4110 Progr.
1147 4041 1172 4095 d.
1193 4043 1287 4112 Gymn.

144 4148 170 4188 u.
189 4131 316 4187 Rcalsch.
344 4150 378 4186 zu
403 4133 533 4187 Rottwcil
562 4137 638 4187 1848.
674 4133 741 4187 Post
769 4150 829 4187 eum
855 4132 985 4186 laudatur
1004 4133 1035 4186 G.
1055 4133 1227 4200 Baguenault
1255 4131 1289 4186 de

144 4222 296 4277 Puohcsse:
327 4225 368 4277 De
395 4224 539 4277 venatione
567 4222 642 4291 apud
668 4222 813 4276 Romanos.
861 4221 995 4275 Libellum
1022 4228 1113 4274 autern
1141 4221 1289 4288 impetrare

144 4327 199 4364 non
217 4312 303 4379 potui.
376 4338 378 4343 >
