2880 4734
626 273 665 339 51

74 447 176 516 solet.
230 447 373 517 Initium
407 447 602 535 inquirendi
632 447 885 516 Radermacher
919 448 955 515 in
988 449 1221 537 disputatione

74 578 102 623 a.
116 553 148 621 d.
171 554 255 622 Mus.
278 553 388 621 Rhen.
412 559 491 621 tom.
516 555 553 619 51
580 553 672 622 fecit
717 555 835 642 Neque
858 555 926 622 erit
948 555 1049 623 facile
1079 579 1120 622 ex
1151 580 1222 622 ser-

73 682 173 728 mone
197 658 373 746 seriptoris
395 659 507 745 ignoti
529 681 647 726 eruere
669 664 802 747 tempus
833 665 870 728 et
902 660 1010 727 locum
1040 666 1223 749 propterea

74 764 167 852 quod
204 764 442 852 inscriptiones
479 764 664 831 multarum
701 764 923 832 dialcetorum
956 789 1017 834 nos
1051 766 1221 834 deficiunt.

74 868 267 941 Verborum
290 869 505 957 quaestiones
528 872 680 936 tractare
703 869 801 937 huius
825 871 977 958 opusculi
993 875 1138 954 nonest,
1163 871 1223 938 sed

73 975 140 1042 hoc
170 975 281 1062 capite
313 997 399 1061 quae
431 997 471 1041 ex
503 974 703 1062 cynegetico
731 975 792 1042 illo
823 975 939 1043 libello
970 976 1014 1044 ad
1044 977 1223 1045 historiam

75 1086 221 1149 venatus
246 1080 418 1169 pertinere
441 1081 574 1166 possint
586 1080 870 1168 comprehendere
885 1081 967 1148 mihi
982 1082 1016 1147 in
1032 1083 1142 1150 animo
1160 1085 1221 1149 est.

166 1203 408 1290 Componamus
432 1203 541 1291 igitur
564 1225 650 1290 quae
672 1203 714 1269 de
737 1203 855 1291 ignoto
887 1205 1054 1292 scriptore
1083 1229 1126 1272 ex
1154 1207 1224 1272 suis

75 1309 182 1395 ipsius
206 1308 321 1378 verbis
343 1308 597 1376 concluduntur.
642 1308 731 1391 Quin
754 1309 974 1376 Atheniensis
998 1313 1097 1393 esset,
1121 1313 1224 1377 antea

75 1435 173 1480 nemo
204 1413 385 1494 dubitavit,
417 1413 575 1500 quoniam
597 1414 716 1481 Attice
748 1414 923 1483 scriberet.
970 1414 1036 1482 Sed
1064 1415 1127 1481 hoc
1156 1438 1224 1480 non

76 1519 129 1586 ita
151 1523 286 1586 constat
313 1523 455 1606 propter
485 1518 633 1606 inopiam
659 1523 799 1586 nostrae
828 1519 1022 1606 linguarum
1051 1520 1222 1587 scientiae.
1308 1529 1311 1535 '

77 1623 178 1691 Licet
199 1623 259 1690 ille
282 1623 391 1690 fuerit
412 1624 642 1706 Atheniensis,
672 1623 745 1712 ipse
769 1646 830 1690 sua
852 1625 993 1692 civitate
1021 1648 1089 1691 non
1118 1623 1223 1709 glori-

78 1732 157 1796 atus
190 1732 252 1810 est,
286 1728 346 1796 sed
377 1729 509 1795 omnino
541 1729 583 1795 de
614 1751 652 1796 re
685 1729 884 1816 cynegetica
912 1728 1043 1797 Graeca
1076 1728 1223 1816 scripsit,

78 1833 190 1922 quoad
211 1833 308 1901 illam
329 1839 483 1902 noverat.
522 1835 708 1923 Praecipue
734 1836 870 1903 venatio
894 1835 1045 1923 leporum
1069 1840 1105 1901 et
1126 1856 1224 1922 apro-

78 1963 154 2005 rum
176 1940 208 2006 ei
230 1939 326 2007 cordi
348 1944 435 2007 erat.
481 1940 576 2022 Quae
599 1948 717 2006 contra
741 1941 782 2006 de
805 1941 915 2007 cervis
940 1946 976 2008 et
1005 1940 1158 2007 leonibus
1189 1946 1225 2006 et

79 2044 196 2130 pardis
213 2050 248 2110 et
264 2066 350 2132 qnae
365 2044 435 2112 aios
452 2045 585 2131 generis
599 2049 677 2111 sunt
689 2045 821 2127 attulit,
838 2068 906 2111 non
921 2045 1150 2132 experientiae
1165 2045 1226 2110 sed
1319 2089 1322 2094 ,

78 2148 375 2236 peregrinatorum
395 2149 651 2216 narrationibus
675 2153 712 2215 et
729 2151 901 2232 ίστροίαις,
926 2154 966 2214 ut
981 2148 1112 2216 Graeco
1128 2170 1225 2214 voca-

79 2253 159 2320 bulo
183 2258 272 2336 utar,
297 2253 435 2321 videtur
458 2254 588 2321 debere.
633 2254 796 2321 Fortasse
820 2256 924 2320 etiam
945 2255 1019 2340 ipse
1033 2276 1154 2340 magna
1168 2253 1225 2320 iti·

78 2379 163 2425 nera
196 2382 259 2446 per
293 2357 470 2426 Graeciam
505 2359 684 2426 Thraciam
716 2359 944 2426 Macedoniam
982 2358 1100 2425 Asiam
1134 2358 1225 2425 fecit.

79 2465 167 2531 Nam
200 2466 254 2533 vir
289 2466 407 2533 doctus
442 2465 497 2531 vel
530 2465 660 2532 litteris
693 2465 828 2531 deditus
862 2465 1007 2552 scriptor
1037 2488 1105 2530 non
1138 2468 1225 2531 erat.

81 2571 201 2641 Studio
224 2572 277 2638 rei
298 2572 474 2638 venaticae
497 2579 679 2637 commotus
704 2574 758 2637 est
779 2573 821 2636 ut
842 2570 996 2636 libellum
1017 2570 1116 2637 huius
1137 2570 1225 2636 artis

81 2677 319 2743 conscriberet.
366 2674 429 2744 Sic.
460 2680 502 2741 ut
524 2677 704 2742 exstabant
727 2674 808 2741 libri
830 2674 865 2739 in
896 2675 1015 2761 quibus
1044 2678 1227 2763 praecepta

80 2781 283 2848 medicorum
313 2803 492 2868 coquorum
523 2780 664 2846 aliorum
695 2784 794 2847 erant
823 2779 975 2861 collecta,
1006 2779 1225 2850 venatoribus

82 2885 183 2954 utilia
197 2886 394 2974 praecipere
410 2885 520 2952 voluit
542 2884 597 2971 (of.
615 2937 622 2951 .
641 2937 648 2951 .
666 2884 773 2950 δὲκαὶ
790 2881 854 2951 ὧδε
872 2939 879 2955 .
898 2887 929 2971 .).
968 2885 1090 2971 Itaque
1111 2884 1227 2951 eodem

83 3013 246 3074 sermone,
277 2991 335 3078 qui
357 2991 450 3057 etin
471 2990 603 3077 legibus
627 2992 837 3073 observatur,
870 2991 992 3056 utitur.
1037 2990 1227 3076 Praecepta

81 3095 261 3163 infinitivis
284 3096 511 3183 imperantur;
536 3096 616 3182 quin
638 3096 742 3161 etiam
761 3096 851 3172 ὅπως
866 3095 907 3161 ἂν
924 3118 997 3161 cum
1013 3095 1227 3160 coniunctivo

82 3203 297 3268 coniunctum
319 3200 361 3267 de
382 3200 514 3287 legibus
537 3223 612 3267 esse
634 3200 867 3288 depromptum
883 3200 1019 3267 videtur
1034 3223 1102 3266 non
1117 3200 1227 3264 minus

83 3328 183 3394 quam
206 3304 315 3372 dualis
338 3327 496 3372 numerus
520 3305 606 3392 (τοῖν
634 3308 777 3388 ποδοῖν),
808 3327 907 3392 quem
929 3305 1041 3371 Attici
1070 3304 1128 3369 diu
1158 3327 1226 3371 ser·

83 3413 221 3478 vabant.

170 3537 214 3603 In
235 3537 405 3624 prooemio
429 3536 522 3603 etin
545 3537 610 3602 fine
635 3537 782 3624 scriptor
807 3558 994 3602 sermonem
1018 3539 1054 3603 et
1082 3535 1228 3602 animum

85 3643 247 3710 elatiores
271 3641 414 3708 reddere
436 3647 587 3722 conatur,
618 3641 654 3708 id
676 3643 765 3730 quod
795 3641 867 3708 deis
898 3646 933 3707 et
964 3640 1112 3708 fortibus
1143 3641 1228 3708 viris

84 3747 234 3815 laudatis
258 3746 393 3814 efficere
416 3746 542 3814 studet.
587 3748 775 3815 Praeterea
797 3768 897 3834 quam
919 3746 1062 3812 maxime
1084 3745 1229 3812 salutem

85 3853 137 3919 rei
158 3852 312 3940 publicae
335 3875 370 3918 se
401 3874 521 3920 curare
551 3852 734 3919 contendit.
779 3852 830 3917 At
859 3851 946 3918 dura
976 3850 1095 3917 indicis
1127 3872 1228 3917 vena-

84 3962 198 4025 torum
220 3958 461 4045 compositione
484 3958 585 4045 primi
614 3958 735 4045 capitis
764 3957 864 4023 facile
894 3956 1118 4042 intellegitur,
1149 3978 1228 4043 quo·

85 4062 183 4130 modo
200 4062 264 4130 sibi
279 4063 457 4129 materiam
472 4063 621 4150 scriptor
637 4063 896 4150 comparaverit.
935 4061 1066 4127 Nomen
1081 4061 1228 4128 cuiusvis

86 4168 154 4235 viri
176 4168 280 4235 fortis
311 4167 465 4255 sequitur
495 4169 687 4256 explicatio,
718 4188 803 4255 quae
836 4189 877 4234 ex
908 4166 1054 4232 historia
1086 4165 1229 4252 quadam

85 4273 219 4363 poetica
242 4275 278 4341 et
299 4271 448 4339 fabulari
471 4271 644 4358 descripta
666 4275 728 4338 est.

976 4428 1022 4493 4*
