2880 4734
692 276 736 341 70

141 447 293 514 Africam
326 445 470 527 Gallias,
504 446 591 533 quae
621 449 739 513 terrae
772 447 899 514 omnes
922 448 1068 536 optimas
1101 448 1288 518 facultates

143 551 287 620 venandi
310 550 445 619 dabant.
492 551 698 618 Commercio
723 555 758 619 et
781 552 912 639 magnis
935 553 1116 621 itineribus
1137 554 1289 634 homines

142 661 301 725 externas
331 679 386 724 res
418 658 665 744 cognoscebant
694 657 746 724 ita
776 660 816 724 ut
845 657 933 724 idem
956 659 1143 728 Romanus
1158 664 1232 728 tum
1255 661 1291 727 in

143 763 290 831 Graecia
305 766 366 829 aut
381 759 488 829 Italia
510 762 602 829 feras
627 762 758 849 sagitta
774 763 912 831 Cretica
927 769 1106 853 percutere
1122 767 1289 856 potuerit,

143 874 215 935 tum
238 869 273 935 in
297 867 413 936 Gallia
442 866 617 957 Cisalpina
646 866 827 935 rumicibus
859 872 895 936 et
924 871 1072 958 tragulis
1102 880 1138 939 et
1166 872 1290 961 sparis.

143 975 227 1058 Quis
261 974 374 1041 dicere
406 972 518 1058 audet,
550 973 670 1060 quibus
703 972 784 1040 telis
815 973 987 1042 Romanus
1019 976 1142 1044 nobilis
1168 977 1224 1044 vir
1254 978 1292 1044 in

42 1077 44 1080 ⁴
143 1079 309 1168 Hispania
345 1101 461 1147 cervos
496 1082 640 1147 venatus
675 1079 731 1161 sit,
766 1083 880 1146 utrum
912 1079 1107 1169 Hispanicis
1142 1104 1185 1150 an
1220 1083 1290 1151 suis

143 1184 248 1273 ipsius
273 1207 317 1252 an
340 1183 441 1250 aliis?

231 1290 325 1373 Quae
357 1312 471 1357 rernm
503 1288 652 1357 condicio
689 1291 815 1380 optime
848 1291 1064 1380 intellegitur
1099 1316 1142 1360 ex
1174 1293 1291 1362 verbis

145 1395 280 1482 Vergili
290 1394 352 1478 ³¹⁷),
377 1394 434 1463 ubi
457 1394 588 1479 Gallus,
613 1395 672 1462 ille
696 1396 843 1485 elegicus
866 1401 970 1485 posta
986 1398 1167 1480 Romanus,
1191 1398 1292 1466 indu·

143 1501 243 1585 citur,
267 1524 340 1568 cum
363 1500 586 1569 Parthenium
613 1505 761 1570 montem
782 1503 818 1569 in
841 1502 989 1570 Arcadia
1017 1506 1232 1592 pervagatur
1256 1508 1292 1573 et

143 1607 305 1676 Parthico
347 1629 427 1675 arcu
456 1605 624 1677 Creticam
665 1609 830 1697 sagittam
864 1609 900 1675 in
929 1608 1021 1677 feras
1050 1609 1170 1678 mittit.
1217 1611 1292 1680 Hoc

144 1715 217 1801 ipso
241 1712 377 1800 Vergili
404 1713 478 1780 loco
503 1713 684 1782 Graeciam
715 1737 787 1782 esse
818 1718 958 1799 terram,
987 1715 1046 1781 ubi
1068 1714 1208 1783 iuvenes
1232 1726 1291 1785 no·

144 1819 222 1886 bilis
252 1816 395 1886 Romani
427 1818 575 1886 studium
612 1820 756 1886 venandi
786 1818 898 1887 colere
930 1819 998 1886 sint
1033 1819 1137 1903 soliti,
1170 1826 1292 1910 aperte

146 1924 349 1993 ostenditur.
395 1923 500 1991 Aliud
528 1925 715 2013 exemplum
745 1925 834 2015 apud
855 1925 1075 2014 Propertium
1103 1926 1290 2013 invenitur,

146 2031 202 2098 ubi
234 2053 289 2097 res
312 2051 396 2098 vera
419 2029 635 2117 coniungitur
657 2054 730 2098 cum
752 2030 864 2118 lyrica
883 2031 1031 2099 licentia.
1076 2029 1290 2120 Propertius

27 2159 29 2161 ’
147 2140 325 2226 postquam
348 2158 383 2203 se
405 2158 511 2224 prope
535 2136 647 2204 sedem
675 2140 807 2204 amatae
838 2159 912 2205 esse
935 2139 1144 2204 moraturum
1167 2141 1292 2225 promi-

146 2242 202 2325 sit,
226 2242 288 2310 hoc
310 2240 407 2310 modo
429 2240 629 2331 pergit³¹⁸lt

276 2371 344 2414 non
366 2351 480 2414 tamen
502 2349 543 2413 ut
565 2350 680 2415 vastos
704 2348 811 2416 ausim
834 2349 1005 2437 temptare
1027 2348 1141 2416 leones

277 2456 337 2521 aut
360 2452 451 2520 celer
474 2457 628 2540 agrestes
652 2454 832 2521 comminus
855 2455 906 2522 ire
929 2477 1016 2522 sues.

275 2557 358 2626 haec
379 2557 488 2645 igitur
510 2558 592 2625 mihi
615 2558 662 2626 sit
684 2559 817 2647 lepores
840 2558 980 2627 audacia
1001 2559 1120 2629 molles

278 2665 432 2752 excipere
454 2668 491 2732 et
514 2664 636 2732 stricto
659 2665 764 2753 figere
786 2652 883 2734 avem
905 2665 1042 2733 calamo.

233 2770 307 2838 Hoc
336 2770 525 2858 significat:
555 2794 623 2837 non
646 2771 722 2839 vult
753 2772 916 2859 perficere
938 2771 1163 2860 periculosum
1184 2773 1292 2840 Asiae

146 2879 208 2945 aut
222 2877 362 2944 Africae
383 2881 553 2960 venatum,
576 2899 618 2943 ne
643 2876 807 2945 Graeciae
830 2877 963 2966 quidem
980 2878 1076 2965 (nam
1097 2878 1133 2944 in
1155 2878 1291 2966 Apen-

147 2985 238 3051 nini
261 2985 431 3053 montihus
454 3006 553 3072 apros
577 2985 696 3052 venari
712 2989 765 3053 est
780 2984 1018 3053 libertinorum
1038 2988 1074 3052 et
1091 2989 1291 3069 servorum),

148 3091 207 3159 sed
235 3093 270 3157 in
298 3091 441 3179 planitie
473 3090 635 3159 Clitumni
664 3091 755 3180 apud
776 3084 944 3159 Assisinm
974 3090 1109 3180 lepores
1142 3094 1291 3160 venatur

147 3200 184 3264 et
210 3199 409 3286 aucupatur,
433 3236 476 3245 -
498 3198 557 3264 vix
586 3221 650 3286 quo
683 3201 803 3287 ‘poeta
827 3197 881 3265 cui
903 3196 1135 3264 blandimenta
1164 3196 1289 3264 amoris

147 3301 223 3389 plus
245 3302 340 3371 cordi
363 3303 434 3371 sint
456 3325 555 3391 quam
578 3325 699 3371 saevus
722 3303 869 3372 venandi
890 3301 1004 3388 ardor,
1036 3302 1141 3370 nobili
1163 3301 1210 3370 sit
1233 3325 1291 3371 ve-

148 3411 231 3476 natu
262 3431 459 3495 magnarum
488 3407 692 3477 interdictus
722 3409 880 3476 ferarum’
895 3408 957 3493 ³¹⁹),
989 3408 1048 3477 sed
1071 3406 1235 3498 quiahoc
1257 3407 1292 3475 in

148 3512 291 3600 planitie
313 3512 398 3580 nihil
420 3514 592 3582 invenitur
614 3513 681 3582 nisi
705 3514 869 3602 lepusculi
892 3518 927 3582 et
950 3538 1041 3583 aves.
1087 3515 1121 3581 A
1134 3513 1289 3583 molestis

150 3624 292 3688 venatus
323 3619 497 3687 laboribus
520 3619 752 3689 adulescentes
775 3614 919 3688 Romani
948 3624 1021 3688 tum
1050 3619 1290 3702 abhorrebant,

148 3726 213 3794 nisi
235 3727 270 3793 in
293 3725 422 3813 magnis
453 3726 522 3794 suis
551 3727 740 3813 itineribus,
773 3751 858 3817 quae
881 3751 943 3817 per
966 3725 1155 3815 provincias
1180 3727 1291 3794 orien-

148 3832 237 3900 tales
260 3832 440 3915 faciebant,
463 3834 619 3902 novitate
642 3857 755 3902 rerum
776 3835 1019 3918 incitabantur,
1043 3836 1083 3900 ut
1103 3831 1219 3899 leones
1236 3831 1292 3900 vel

148 3938 233 4007 alias
266 3940 392 4007 bestias
425 3940 667 4008 interficerent.
710 3941 794 4007 Mihi
828 3941 893 4028 ipsi
928 3940 1058 4029 quidem
1094 3962 1292 4028 persuasum

149 4048 202 4114 est
223 4045 362 4114 iuvenes
377 4047 547 4114 Romanos
562 4045 654 4114 utin
669 4048 777 4135 campi
792 4046 910 4114 Martii
925 4046 1013 4115 ludis
1029 4046 1121 4116 inter
1132 4046 1291 4136 aequales

159 4295 483 4365 ‘smmum
588 4295 830 4369 ammom

239 4386 303 4455 319)
321 4385 468 4441 Rothstein
485 4385 515 4442 in
534 4401 628 4443 comm.
647 4385 684 4442 ad
702 4386 728 4440 h.
747 4387 767 4441 l.
