2880 4734
699 266 740 332 61

150 440 284 510 Gallica
308 463 350 508 ex
371 445 475 528 gente
499 440 672 520 oriundus,
704 445 782 509 erat
810 440 975 529 pessimus
1008 445 1163 509 venator.
1208 443 1298 510 Nam

151 547 239 635 quod
262 547 300 613 in
322 545 476 614 venando
504 568 572 612 nou
594 545 798 615 venabulum
828 569 888 614 seu
909 546 1069 629 lanceam,
1101 546 1159 613 sed
1182 546 1300 614 stilum

151 657 189 720 et
223 651 411 740 pugillares
451 673 562 719 secum
598 652 764 740 portavit,
802 655 842 718 ut
879 651 1015 719 frustra
1053 655 1196 719 venatus
1228 652 1297 719 illis
1375 662 1377 669 ⁴

156 757 386 825 delectaretur
396 755 460 843 ²⁷⁸),
491 781 560 823 non
587 756 695 844 magis
719 757 895 825 venatoris
918 765 971 823 est
1002 778 1101 845 quam
1123 756 1208 823 illud
1229 757 1299 824 Ho-

150 862 232 945 rati,
264 863 323 929 ubi
356 862 397 930 de
430 862 607 949 magnifico
644 883 784 951 pompae
819 862 1019 930 venatoriae
1056 862 1152 929 exitu
1184 865 1221 929 at
1252 862 1294 928 de

150 967 336 1035 miserabili
358 966 475 1034 reditu
498 968 600 1035 verba
622 965 781 1052 faeit²⁷⁹l

234 1072 407 1154 Quaenam
429 1072 658 1140 Romanorum
681 1073 792 1161 opinio
816 1072 916 1139 erat?

236 1176 329 1245 Civis
354 1178 526 1245 Romanus
549 1181 709 1244 venatum
741 1200 808 1243 non
828 1180 900 1243 tam
922 1197 984 1265 pro
1006 1177 1097 1260 ludo,
1130 1199 1194 1264 quo
1218 1198 1291 1244 cor-

148 1282 242 1370 poris
264 1283 358 1350 vires
381 1283 611 1364 firmarentur,
641 1281 763 1348 habuit
788 1303 888 1370 quam
916 1281 1032 1349 labore
1060 1281 1188 1349 humili.
1234 1280 1292 1349 Se·

149 1386 257 1454 cundo
280 1387 412 1455 demum
435 1388 567 1455 saeculo
591 1409 620 1453 a.
645 1386 725 1454 Chr.
747 1410 780 1453 n.
804 1387 949 1454 Romani
977 1410 1044 1453 non
1066 1386 1176 1454 solum
1197 1394 1291 1455 artes

146 1497 184 1559 et
205 1492 346 1560 litteras
377 1493 436 1560 sed
464 1492 568 1560 etiam
589 1492 686 1560 ludos
716 1496 753 1560 et
776 1492 971 1580 voluptates
995 1514 1015 1558 a
1039 1491 1178 1559 Graecis
1200 1513 1294 1568 rece·¹

147 1600 282 1685 perunt,
314 1599 408 1665 cuius
432 1599 484 1665 rei
506 1597 643 1665 illustre
667 1597 855 1684 exemplum
884 1600 938 1664 est
961 1597 1072 1685 Scipio
1100 1597 1211 1664 minor
1234 1597 1291 1684 qui

145 1704 187 1769 ab
210 1703 316 1770 amico
340 1725 400 1769 suo
423 1702 580 1789 Polybio,
609 1703 687 1768 dum
710 1704 807 1770 obses
819 1701 873 1788 280)
895 1702 955 1768 ille
977 1703 1105 1768 Romae
1126 1706 1289 1784 moratur,

145 1808 257 1875 factus
288 1811 342 1874 est
372 1807 638 1875 studiosissimus
669 1811 821 1890 venator,
853 1807 890 1874 id
920 1807 1010 1895 quod
1032 1807 1195 1894 Polybius
1217 1802 1291 1895 ipse

146 1935 275 1980 summa
302 1935 377 2005 cum
405 1912 541 1980 laetitia
562 1918 683 1980 narrat
693 1912 757 1999 ²⁸¹).
802 1912 955 1980 Ribbeck
982 1913 1018 1980 in
1041 1935 1142 2000 opere
1165 1935 1225 1978 suo
1248 1912 1290 1978 de

146 2019 241 2106 po'e'si
262 2019 416 2086 Romana
446 2017 558 2085 lucide
589 2019 756 2106 exposuit,
786 2018 949 2106 quomodo
974 2017 1123 2085 studium
1146 2017 1292 2085 venandi

145 2146 167 2191 a
204 2122 412 2212 philosophis
450 2123 654 2190 irrideretur
667 2122 730 2208 282).
789 2125 1006 2211 Argumenta
1043 2124 1128 2210 (fere
1165 2123 1289 2210 inquit)

147 2230 341 2295 saturarum
375 2232 476 2295 crant
509 2228 594 2295 satis
628 2228 735 2295 varia.
780 2228 926 2296 Praeter
959 2228 1027 2294 alia
1061 2228 1097 2292 in
1127 2227 1179 2294 his
1211 2231 1288 2294 erat

143 2332 318 2400 nimium
341 2332 484 2401 venandi
508 2333 657 2401 studium
673 2357 797 2416 eorum,
820 2334 878 2421 qui
893 2339 1078 2420 propterea
1092 2332 1289 2419 (Meleagri)

144 2438 481 2526 increpabunturffl).
526 2439 663 2506 Ardere
679 2439 823 2526 quidam,
847 2438 964 2526 pergit
979 2438 1140 2522 Ribbeck,
1160 2461 1286 2506 summo

144 2543 275 2610 Dianae
296 2544 446 2629 flagrans
469 2544 524 2610 vir
546 2544 700 2611 laetitias
722 2542 821 2611 huius
848 2544 971 2611 nobilis
995 2544 1081 2611 artis
1106 2567 1213 2631 nuper
1237 2567 1287 2610 se·

146 2648 252 2714 nariis
287 2648 525 2736 descripserat.
582 2649 666 2714 Tum
702 2671 723 2715 a
758 2648 958 2736 philosopho
995 2650 1137 2736 quodam
1177 2649 1286 2716 sobrie

145 2754 344 2838 rogabatur,
380 2757 494 2820 utrum
527 2759 687 2840 quaestus
722 2776 823 2823 causa
855 2777 898 2821 an
930 2754 1119 2841 voluptatis
1151 2756 1286 2821 labores

147 2859 314 2942 currendi,
338 2859 514 2946 vigilandi,
546 2858 645 2925 famis
669 2864 858 2946 pateretur.
904 2859 941 2924 Si
964 2859 1153 2947 voluptatis
1176 2881 1287 2943 causa,

146 2967 241 3031 certo
265 2987 338 3032 esse
361 2964 563 3030 commodius
587 2964 785 3031 venationes
809 2966 844 3029 in
858 2964 948 3031 circo
964 2965 1130 3051 inspicere
1145 2965 1286 3052 pedibus

143 3068 282 3135 intactis
315 3091 414 3156 quam
445 3068 546 3136 laesis
577 3069 613 3134 in
645 3069 741 3135 silvis
773 3069 903 3155 vagari.
949 3069 1025 3136 Mea
1056 3070 1189 3156 quidem
1212 3093 1287 3137 sen-

147 3174 258 3241 tentia
272 3173 426 3240 Ribbeck
441 3173 540 3241 nimis
556 3173 691 3240 incusat
705 3173 853 3241 iuvenes.
891 3174 980 3240 Nam
995 3174 1054 3240 ille
1069 3173 1288 3262 philosophus

144 3301 212 3344 non
244 3278 464 3366 reprehendit
497 3278 671 3344 nimium
704 3279 854 3345 studium
887 3278 1041 3362 venandi,
1076 3278 1134 3345 sed
1167 3284 1287 3347 totum.
1323 3268 1325 3273 ³

147 3385 298 3450 Romano
320 3384 453 3450 nomine
475 3384 649 3470 indignum
672 3388 745 3450 esse
767 3386 914 3471 putabat
928 3384 1067 3450 iuvenes
1085 3384 1176 3470 ipsos
1193 3406 1288 3452 arma

144 3489 181 3554 in
203 3488 296 3556 feras
319 3490 421 3572 ferre,
455 3494 495 3555 ut
519 3489 616 3575 quasi
640 3489 704 3555 sibi
734 3489 801 3576 ipsi
832 3489 941 3555 cibum
971 3493 1145 3576 pararent.
1189 3489 1288 3556 Hunc

233 3723 298 3790 278)
317 3721 358 3775 Pl.
378 3721 462 3789 ep..I,
481 3724 505 3775 6.
612 3725 674 3789 279)
694 3723 759 3775 Hor.
780 3739 821 3790 ep.
842 3723 862 3788 l,
881 3724 906 3790 6,
926 3725 968 3776 57.

235 3813 299 3879 280)
318 3810 458 3866 obsidibus
478 3811 573 3879 populi
592 3812 708 3865 Romani
735 3812 802 3866 satis
830 3827 955 3880 magnam
980 3812 1118 3866 licentiam
1142 3811 1240 3866 studiis
1260 3817 1288 3866 et

145 3899 253 3968 gaudiis
272 3899 440 3967 obsequendi
460 3899 547 3955 fuisse
559 3916 715 3955 concessam
729 3907 847 3969 apparet
860 3901 982 3970 exemplo
996 3901 1127 3967 Demetri,
1147 3900 1193 3968 qui
1207 3901 1287 3956 Soter

146 3990 362 4058 cognominatur.
404 3989 510 4057 Effugit
540 3990 611 4044 enim
636 3991 724 4044 Roma
752 3997 896 4059 praetexto
923 3990 1104 4059 expeditionis
1127 3989 1163 4044 ad
1190 4006 1286 4059 aprum

144 4079 297 4133 venandum
311 4079 433 4133 emissae.
465 4079 596 4134 Fortasse
609 4080 719 4135 iuvenes
732 4081 849 4134 Romani
861 4081 960 4133 imitati
973 4086 1036 4134 sunt
1048 4079 1154 4134 nobiles
1168 4079 1288 4135 obsides.

234 4171 298 4238 281)
318 4168 411 4239 Polyb.
430 4169 543 4237 XXXII,
565 4172 596 4223 lb
616 4168 650 4223 cf.
671 4170 771 4238 Helbig
789 4170 897 4225 Unters
917 4187 943 4238 p.
963 4173 1024 4224 275.

234 4260 298 4328 282)
317 4258 450 4325 Ribbeck,
470 4258 567 4313 Gesch.
587 4258 636 4312 der
654 4275 738 4313 roem.
757 4260 896 4327 Dichtung
913 4260 951 4312 2Ι.
971 4275 997 4326 p.
1017 4261 1077 4321 260.

148 4350 151 4355 ’
234 4350 298 4418 283)
317 4347 451 4402 Varronis
472 4354 584 4403 saturae
603 4348 655 4416 frg.
676 4348 838 4416 (Buecheler
855 4349 990 4416 Petron.³)
1009 4350 1159 4403 293-303.
