2880 4734
695 222 737 286 10

142 393 257 460 leones
279 399 473 460 mansuetos
498 415 643 479 unquam
666 393 746 460 olim
777 393 811 458 in
836 393 979 460 Graecia
1002 393 1118 461 fuisse.
1164 393 1232 460 Per
1258 416 1295 461 se

144 500 255 565 omnia
282 499 375 565 credi
404 498 502 564 licet:
528 498 606 564 Viri
635 498 692 586 qui
724 521 764 565 ea
786 499 1000 579 fortitudine,
1031 521 1116 586 quae
1147 499 1182 564 iu
1211 499 1295 566 ima·

144 603 280 689 ginibus
303 602 373 668 illis
397 602 587 690 inspicitur,
615 607 735 668 contra
758 601 871 669 leones
894 606 1048 690 pugnant
1072 608 1189 689 captos
1214 626 1296 690 quo-

145 730 209 795 que
242 707 374 773 domum
406 707 504 773 vivos
529 707 743 774 -fortasse
776 706 906 773 catulos
939 707 995 774 vel
1027 708 1225 774 vulneratos
1250 747 1296 756 —

146 816 338 899 reportant.
385 812 469 895 Quis
502 812 657 892 miretur,
690 811 779 898 quod
810 811 960 878 artifices
992 812 1027 878 in
1049 813 1188 898 gemmis
1212 834 1295 879 anu·

144 917 257 983 lorum
272 921 368 1004 (quos
385 919 427 982 ab
442 917 605 983 uxoribus
628 919 786 1004 portatos
811 939 884 983 esse
903 922 1046 1004 propter
1069 918 1297 1003 exiguitatem

147 1023 332 1089 verisimile
356 1021 473 1108 est)⁸³)
497 1028 533 1089 et
563 1022 599 1087 iu
625 1022 749 1108 gladiis
784 1022 826 1087 ad
860 1020 945 1088 hano
975 1045 1123 1110 pugnam
1154 1022 1296 1090 usitatis

146 1131 217 1193 tam
255 1127 446 1214 periculosa
485 1131 520 1194 et
556 1127 734 1214 praeclara
771 1125 1048 1193 celebraverunt!
1105 1128 1297 1195 Praeterea

147 1232 306 1319 antiquos
339 1232 427 1315 illos,
449 1255 549 1318 reges
581 1233 616 1298 in
647 1233 780 1298 arcibus
816 1232 884 1298 suis
919 1233 1088 1319 praesidio
1122 1237 1157 1299 et
1180 1233 1298 1299 decori

146 1336 260 1403 leones
284 1337 420 1420 aluisse,
446 1337 653 1424 quinetiam
677 1337 724 1403 eis
749 1336 899 1403 leonibus
924 1338 959 1402 iu
981 1337 1158 1424 captandis
1183 1339 1296 1404 cervis

145 1442 256 1508 tauris
278 1442 445 1528 capreolis
462 1464 540 1508 usos
557 1464 640 1523 esse,
665 1442 767 1507 etiam
789 1441 901 1507 tribus
926 1443 1149 1508 monumentis
1174 1442 1296 1508 confir-

145 1554 269 1627 matur,
295 1546 324 1612 si
347 1547 444 1613 modo
468 1546 550 1612 haec
573 1546 755 1634 explicatio
777 1545 914 1611 illorum
938 1568 1021 1612 vera
1045 1551 1107 1612 est.
1154 1547 1296 1614 Duabus
1391 1611 1393 1616 .

144 1653 283 1738 gemmis
308 1652 510 1718 exhibentur
533 1652 647 1717 leones
671 1651 715 1717 ad
738 1650 923 1717 columnam
955 1651 1111 1736 adligati,
1145 1651 1189 1717 ad
1211 1674 1296 1738 quas

145 1755 409 1841 Furtwaengler
442 1759 585 1822 annotat
617 1756 730 1822 leones
766 1760 882 1842 captos
906 1756 1039 1822 domum
1067 1756 1159 1841 regis
1184 1760 1299 1824 custo-

147 1859 231 1926 dire.
277 1860 441 1948 Equidem
464 1864 548 1948 puto
576 1883 650 1926 eum
671 1860 734 1926 hoc
756 1865 896 1948 praeter
929 1861 1117 1948 opinionem
1150 1862 1297 1928 omnium

147 1964 277 2047 docere,
302 1966 421 2052 quibus
446 1966 576 2050 figurae
600 1965 777 2032 orientalis
801 1966 889 2032 artis
905 1970 1006 2033 notae
1024 1970 1113 2032 sunt.
1160 1966 1298 2033 Monen-

148 2069 226 2135 dum
249 2080 302 2136 est
325 2071 469 2156 figuram
496 2070 638 2136 duarum
661 2071 812 2136 ferarum
836 2071 891 2136 vel
914 2070 1120 2152 daemonum,
1144 2071 1236 2138 inter
1261 2093 1298 2138 se

148 2175 306 2241 similium
329 2176 388 2242 sed
411 2176 588 2262 oppositae
610 2174 739 2242 formae
751 2174 800 2260 ³⁹),
831 2176 974 2242 maxime
996 2177 1086 2262 apud
1110 2176 1297 2242 orientales

147 2281 288 2368 populos
312 2302 475 2368 persaepe
506 2280 653 2346 inveniri
675 2283 712 2345 et
734 2280 785 2346 ita
806 2280 949 2367 quidem,
980 2284 1019 2347 ut
1043 2303 1099 2347 eas
1124 2303 1196 2346 cum
1219 2280 1298 2347 deo-

147 2408 223 2450 rum
248 2385 341 2452 cultu
371 2386 552 2451 cohaerere
586 2392 762 2471 appareat.
809 2385 936 2450 Tamen
969 2408 1037 2450 non
1071 2390 1226 2451 vetamur
1260 2385 1297 2450 in

147 2512 278 2576 gemma
301 2512 541 2575 recognoscere
565 2490 679 2557 leones
713 2490 806 2556 vitae
828 2490 1029 2572 cotidianae,
1059 2512 1142 2575 quos
1166 2490 1296 2555 artifex

148 2595 279 2661 usitato
303 2595 356 2659 illi
378 2595 496 2680 generi
519 2595 701 2682 imaginum
725 2595 915 2681 adoptavit.
955 2594 1122 2661 Similiter
1144 2595 1297 2662 fortasse

147 2699 413 2785 Furtwaengler
437 2700 605 2785 seutit40).
652 2699 806 2764 Tertium
829 2708 1078 2764 monumentum
1102 2702 1156 2765 est
1178 2699 1295 2784 cippus

146 2804 350 2890 Mycenaeus
360 2805 411 2890 41),
441 2805 499 2871 ubi
520 2805 574 2871 leo
598 2827 703 2892 prope
726 2803 916 2870 vehiculum
939 2826 1077 2870 currens
1102 2803 1297 2889 capreolum

147 2909 348 2997 insequitur,
372 2932 444 2975 cum
467 2911 589 2995 auriga
611 2932 729 2976 currus
747 2909 847 2975 laeva
861 2908 954 2974 loros
974 2912 1072 2974 tenet
1088 2912 1123 2974 et
1140 2908 1297 2973 dextram

148 3016 300 3100 segniter
323 3016 358 3080 in
380 3015 487 3101 gladii
510 3015 629 3102 capulo
651 3013 758 3102 ponit.

240 3120 366 3186 Tamen
390 3120 541 3206 equidem
563 3120 635 3206 ipse
656 3142 783 3202 monac,
808 3117 928 3184 netali
944 3116 1242 3203 argumentationi,
1268 3117 1298 3182 si

147 3226 222 3312 quis
252 3224 448 3312 protulerit,
482 3208 635 3291 cedatur.
679 3224 765 3288 Nam
789 3231 829 3288 ut
852 3222 945 3287 cervi
977 3222 1119 3308 palmati
1151 3221 1297 3287 macula-

148 3331 241 3416 tique
267 3328 315 3396 sic
337 3330 390 3394 illi
412 3329 526 3396 leones
550 3329 593 3395 ad
616 3328 780 3395 Graeciae
811 3332 941 3393 terram
973 3328 1200 3393 continentem
1230 3311 1297 3392 non

148 3435 334 3521 pertinent.

237 3540 495 3606 Adnotatio
520 3539 569 3604 de
594 3538 826 3623 tauris⁴¹⁸).
861 3537 1026 3603 Fortasse
1040 3540 1122 3602 sunt
1137 3535 1195 3622 qui
1211 3536 1297 3602 desi-

150 3643 281 3727 dorent,
305 3649 344 3710 ut
367 3650 544 3711 taurorum
567 3666 696 3731 quoque
712 3643 910 3710 venationes
927 3647 1083 3709 tractem.
1120 3640 1187 3707 Sed
1202 3641 1296 3724 fineS,

238 3788 284 3854 38)
303 3785 393 3839 P.·Ch.
415 3785 490 3839 Tom.
504 3786 550 3838 Vl.
569 3801 631 3853 pag.
652 3788 711 3838 838.

238 3878 283 3942 39)
308 3874 588 3942 „Wappensohema“.

237 3966 284 4034 40)
302 3964 403 4017 Furta.
423 3964 551 4017 Geminae
570 3963 644 4017 Tom.
665 3965 712 4016 111.
732 3979 794 4032 pag.
810 3965 852 4016 50.

237 4057 283 4122 41)
302 4054 394 4108 P.·Ch.
414 4053 489 4108 Tom.
503 4054 549 4106 Vl.
570 4068 631 4121 pag.
652 4056 712 4120 770,
737 4069 772 4106 no
792 4054 845 4106 364
883 4048 917 4103 cf.
937 4048 1060 4102 Reichel.
1084 4046 1296 4103 Eranvindob.

151 4145 228 4210 1893,
249 4143 296 4196 ubi
307 4149 368 4198 tota
379 4143 453 4196 illius
467 4142 542 4211 cippi
554 4141 703 4209 descriptio
715 4142 744 4195 in
761 4139 831 4195 duas
848 4139 980 4208 imagines
1000 4137 1115 4192 discissa
1135 4137 1296 4206 explicatur.

237 4236 297 4303 41²)
317 4233 352 4286 cf.
372 4233 503 4288 Maximil.
517 4233 628 4302 Mayer:
647 4231 743 4286 Jahrb.
758 4234 773 4284 7
788 4231 882 4300 (1892)
901 4244 963 4297 pag.
984 4231 1019 4281 72
1038 4228 1147 4298 Myken.
1168 4228 1298 4296 Beitrtge

147 4322 169 4374 1.
199 4322 346 4392 Stierfang.
821 4357 824 4363 ·
