<?xml version="1.0" encoding="UTF-8"?>
<!DOCTYPE html PUBLIC "-//W3C//DTD XHTML 1.0 Transitional//EN"
    "http://www.w3.org/TR/xhtml1/DTD/xhtml1-transitional.dtd">
<html xmlns="http://www.w3.org/1999/xhtml" xml:lang="en" lang="en">
 <head>
  <title>
</title>
<meta http-equiv="Content-Type" content="text/html;charset=utf-8" />
  <meta name='ocr-system' content='tesseract 3.04.00' />
  <meta name='ocr-capabilities' content='ocr_page ocr_carea ocr_par ocr_line ocrx_word'/>
</head>
<body>
  <div class='ocr_page' id='page_1' title='image "./destudiovenandi00johagoog_0024.png"; bbox 0 0 2880 4734; ppageno 0'>
   <div class='ocr_carea' id='block_1_1' title="bbox 640 191 680 255">
    <p class='ocr_par' dir='ltr' id='par_1_1' title="bbox 640 191 680 255">
     <span class='ocr_line' id='line_1_1' title="bbox 640 191 680 255; baseline 0.025 -1"><span class='ocrx_word' id='word_1_1' title='bbox 640 191 680 255; x_wconf 88' lang='lat'>15</span> 
     </span>
    </p>
   </div>
   <div class='ocr_carea' id='block_1_2' title="bbox 89 362 1239 1083">
    <p class='ocr_par' dir='ltr' id='par_1_2' title="bbox 89 362 1239 1083">
     <span class='ocr_line' id='line_1_2' title="bbox 89 362 1236 455; baseline -0.008 -20"><span class='ocrx_word' id='word_1_2' title='bbox 89 368 190 455; x_wconf 89' lang='lat' dir='ltr'>Ergo</span> <span class='ocrx_word' id='word_1_3' title='bbox 206 366 355 434; x_wconf 86' lang='lat' dir='ltr'>artifices</span> <span class='ocrx_word' id='word_1_4' title='bbox 378 365 539 432; x_wconf 89' lang='lat' dir='ltr'>videntur</span> <span class='ocrx_word' id='word_1_5' title='bbox 562 365 653 431; x_wconf 90' lang='lat' dir='ltr'>retia</span> <span class='ocrx_word' id='word_1_6' title='bbox 674 387 743 430; x_wconf 91' lang='lat' dir='ltr'>non</span> <span class='ocrx_word' id='word_1_7' title='bbox 765 385 806 430; x_wconf 84' lang='lat' dir='ltr'>ex</span> <span class='ocrx_word' id='word_1_8' title='bbox 828 362 947 429; x_wconf 90' lang='lat' dir='ltr'>iisdem</span> <span class='ocrx_word' id='word_1_9' title='bbox 971 384 1102 449; x_wconf 82' lang='lat' dir='ltr'><strong>semper</strong></span> <span class='ocrx_word' id='word_1_10' title='bbox 1127 384 1236 428; x_wconf 85' lang='lat' dir='ltr'>exem-</span> 
     </span>
     <span class='ocr_line' id='line_1_3' title="bbox 89 468 1237 562; baseline -0.004 -23"><span class='ocrx_word' id='word_1_11' title='bbox 89 474 251 562; x_wconf 89' lang='lat' dir='ltr'>plaribus,</span> <span class='ocrx_word' id='word_1_12' title='bbox 277 471 336 538; x_wconf 91' lang='lat' dir='ltr'>sed</span> <span class='ocrx_word' id='word_1_13' title='bbox 359 494 400 537; x_wconf 85' lang='lat' dir='ltr'>ex</span> <span class='ocrx_word' id='word_1_14' title='bbox 416 471 490 537; x_wconf 88' lang='lat' dir='ltr'>vita</span> <span class='ocrx_word' id='word_1_15' title='bbox 505 469 644 555; x_wconf 83' lang='lat' dir='ltr'>(auxilio</span> <span class='ocrx_word' id='word_1_16' title='bbox 660 469 810 536; x_wconf 87' lang='lat' dir='ltr'>fortasse</span> <span class='ocrx_word' id='word_1_17' title='bbox 826 471 904 535; x_wconf 91' lang='lat' dir='ltr'>erat</span> <span class='ocrx_word' id='word_1_18' title='bbox 919 468 1064 534; x_wconf 87' lang='lat' dir='ltr'><strong>nobilius</strong></span> <span class='ocrx_word' id='word_1_19' title='bbox 1081 468 1237 555; x_wconf 82' lang='lat' dir='ltr'>picturae</span> 
     </span>
     <span class='ocr_line' id='line_1_4' title="bbox 89 573 1238 664; baseline -0.007 -19"><span class='ocrx_word' id='word_1_20' title='bbox 89 577 211 664; x_wconf 87' lang='lat' dir='ltr'>genus)</span> <span class='ocrx_word' id='word_1_21' title='bbox 235 599 294 642; x_wconf 90' lang='lat' dir='ltr'>suo</span> <span class='ocrx_word' id='word_1_22' title='bbox 318 575 459 662; x_wconf 90' lang='lat' dir='ltr'>quisque</span> <span class='ocrx_word' id='word_1_23' title='bbox 482 574 578 640; x_wconf 90' lang='lat' dir='ltr'>modo</span> <span class='ocrx_word' id='word_1_24' title='bbox 611 573 759 640; x_wconf 87' lang='lat' dir='ltr'>finxisse.</span> <span class='ocrx_word' id='word_1_25' title='bbox 805 574 1022 640; x_wconf 89' lang='lat' dir='ltr'>Varietatem</span> <span class='ocrx_word' id='word_1_26' title='bbox 1050 574 1238 639; x_wconf 88' lang='lat' dir='ltr'>formarum</span> 
     </span>
     <span class='ocr_line' id='line_1_5' title="bbox 91 678 1237 766; baseline -0.004 -17"><span class='ocrx_word' id='word_1_27' title='bbox 91 682 158 749; x_wconf 89' lang='lat' dir='ltr'>alia</span> <span class='ocrx_word' id='word_1_28' title='bbox 181 682 316 748; x_wconf 91' lang='lat' dir='ltr'>ratione</span> <span class='ocrx_word' id='word_1_29' title='bbox 340 679 504 766; x_wconf 86' lang='lat' dir='ltr'>explicari</span> <span class='ocrx_word' id='word_1_30' title='bbox 526 701 593 744; x_wconf 93' lang='lat' dir='ltr'>non</span> <span class='ocrx_word' id='word_1_31' title='bbox 624 701 723 765; x_wconf 90' lang='lat' dir='ltr'>posse</span> <span class='ocrx_word' id='word_1_32' title='bbox 754 699 951 764; x_wconf 90' lang='lat' dir='ltr'>persuasum</span> <span class='ocrx_word' id='word_1_33' title='bbox 980 678 1095 745; x_wconf 89' lang='lat' dir='ltr'>habeo.</span> <span class='ocrx_word' id='word_1_34' title='bbox 1141 679 1237 745; x_wconf 89' lang='lat' dir='ltr'>Unus</span> 
     </span>
     <span class='ocr_line' id='line_1_6' title="bbox 91 783 1237 874; baseline -0.004 -20"><span class='ocrx_word' id='word_1_35' title='bbox 91 787 183 854; x_wconf 89' lang='lat' dir='ltr'>solus</span> <span class='ocrx_word' id='word_1_36' title='bbox 206 787 318 874; x_wconf 91' lang='lat' dir='ltr'>pictor</span> <span class='ocrx_word' id='word_1_37' title='bbox 342 785 396 871; x_wconf 85' lang='lat' dir='ltr'>(cf.</span> <span class='ocrx_word' id='word_1_38' title='bbox 421 785 561 851; x_wconf 76' lang='lat' dir='ltr'><strong>tertiam</strong></span> <span class='ocrx_word' id='word_1_39' title='bbox 584 783 742 869; x_wconf 88' lang='lat' dir='ltr'>figuram)</span> <span class='ocrx_word' id='word_1_40' title='bbox 765 783 865 868; x_wconf 89' lang='lat' dir='ltr'>plane</span> <span class='ocrx_word' id='word_1_41' title='bbox 881 788 1040 849; x_wconf 86' lang='lat' dir='ltr'>naturam</span> <span class='ocrx_word' id='word_1_42' title='bbox 1056 784 1237 870; x_wconf 82' lang='lat' dir='ltr'>neglegens</span> 
     </span>
     <span class='ocr_line' id='line_1_7' title="bbox 91 888 1239 977; baseline -0.003 -19"><span class='ocrx_word' id='word_1_43' title='bbox 91 893 177 958; x_wconf 88' lang='lat' dir='ltr'>retis</span> <span class='ocrx_word' id='word_1_44' title='bbox 207 890 280 958; x_wconf 93' lang='lat' dir='ltr'>loco</span> <span class='ocrx_word' id='word_1_45' title='bbox 311 889 426 977; x_wconf 89' lang='lat' dir='ltr'>posuit</span> <span class='ocrx_word' id='word_1_46' title='bbox 456 892 699 956; x_wconf 78' lang='lat' dir='ltr'>ornamentum.</span> <span class='ocrx_word' id='word_1_47' title='bbox 744 888 870 954; x_wconf 89' lang='lat' dir='ltr'>Utrum</span> <span class='ocrx_word' id='word_1_48' title='bbox 899 893 973 955; x_wconf 90' lang='lat' dir='ltr'>rete</span> <span class='ocrx_word' id='word_1_49' title='bbox 1003 911 1072 956; x_wconf 89' lang='lat' dir='ltr'>non</span> <span class='ocrx_word' id='word_1_50' title='bbox 1101 890 1239 957; x_wconf 88' lang='lat' dir='ltr'>noverit</span> 
     </span>
     <span class='ocr_line' id='line_1_8' title="bbox 92 986 1239 1083; baseline -0.003 -21"><span class='ocrx_word' id='word_1_51' title='bbox 92 1019 137 1062; x_wconf 90' lang='lat' dir='ltr'>an</span> <span class='ocrx_word' id='word_1_52' title='bbox 151 996 292 1083; x_wconf 85' lang='lat' dir='ltr'>pingere</span> <span class='ocrx_word' id='word_1_53' title='bbox 308 1017 375 1060; x_wconf 91' lang='lat' dir='ltr'>non</span> <span class='ocrx_word' id='word_1_54' title='bbox 390 994 545 1081; x_wconf 88' lang='lat' dir='ltr'>potuerit</span> <span class='ocrx_word' id='word_1_55' title='bbox 560 1014 603 1059; x_wconf 91' lang='lat' dir='ltr'>an</span> <span class='ocrx_word' id='word_1_56' title='bbox 618 992 779 1075; x_wconf 90' lang='lat' dir='ltr'>noluerit,</span> <span class='ocrx_word' id='word_1_57' title='bbox 803 993 877 1079; x_wconf 90' lang='lat' dir='ltr'>quis</span> <span class='ocrx_word' id='word_1_58' title='bbox 894 992 1080 1059; x_wconf 86' lang='lat' dir='ltr'>diiudicare</span> <span class='ocrx_word' id='word_1_59' title='bbox 1101 986 1239 1079; x_wconf 72' lang='lat' dir='ltr'>potest?</span> 
     </span>
    </p>
   </div>
   <div class='ocr_carea' id='block_1_3' title="bbox 91 1097 1251 3915">
    <p class='ocr_par' dir='ltr' id='par_1_3' title="bbox 91 1097 1244 2025">
     <span class='ocr_line' id='line_1_9' title="bbox 91 1097 1240 1185; baseline -0.003 -19"><span class='ocrx_word' id='word_1_60' title='bbox 91 1100 167 1167; x_wconf 89' lang='lat' dir='ltr'>Hac</span> <span class='ocrx_word' id='word_1_61' title='bbox 190 1123 231 1166; x_wconf 86' lang='lat' dir='ltr'>ex</span> <span class='ocrx_word' id='word_1_62' title='bbox 246 1099 420 1166; x_wconf 87' lang='lat' dir='ltr'>varietate</span> <span class='ocrx_word' id='word_1_63' title='bbox 435 1099 621 1164; x_wconf 87' lang='lat' dir='ltr'>formarum</span> <span class='ocrx_word' id='word_1_64' title='bbox 636 1106 819 1184; x_wconf 86' lang='lat' dir='ltr'>praeterea</span> <span class='ocrx_word' id='word_1_65' title='bbox 834 1101 1071 1183; x_wconf 78' lang='lat' dir='ltr'>argumentum</span> <span class='ocrx_word' id='word_1_66' title='bbox 1087 1097 1240 1185; x_wconf 88' lang='lat' dir='ltr'>depromi</span> 
     </span>
     <span class='ocr_line' id='line_1_10' title="bbox 91 1202 1239 1293; baseline -0.002 -21"><span class='ocrx_word' id='word_1_67' title='bbox 91 1208 209 1293; x_wconf 92' lang='lat' dir='ltr'>potest</span> <span class='ocrx_word' id='word_1_68' title='bbox 240 1204 454 1270; x_wconf 92' lang='lat' dir='ltr'>venationem</span> <span class='ocrx_word' id='word_1_69' title='bbox 488 1202 616 1290; x_wconf 87' lang='lat' dir='ltr'>leporis</span> <span class='ocrx_word' id='word_1_70' title='bbox 652 1202 835 1269; x_wconf 88' lang='lat' dir='ltr'>artificiose</span> <span class='ocrx_word' id='word_1_71' title='bbox 870 1203 1000 1268; x_wconf 89' lang='lat' dir='ltr'>retibus</span> <span class='ocrx_word' id='word_1_72' title='bbox 1035 1207 1071 1269; x_wconf 91' lang='lat' dir='ltr'>et</span> <span class='ocrx_word' id='word_1_73' title='bbox 1102 1203 1239 1270; x_wconf 89' lang='lat' dir='ltr'>canibus</span> 
     </span>
     <span class='ocr_line' id='line_1_11' title="bbox 93 1305 1240 1397; baseline -0.004 -20"><span class='ocrx_word' id='word_1_74' title='bbox 93 1312 294 1397; x_wconf 77' lang='lat' dir='ltr'>susceptam,</span> <span class='ocrx_word' id='word_1_75' title='bbox 329 1329 428 1395; x_wconf 89' lang='lat' dir='ltr'>quam</span> <span class='ocrx_word' id='word_1_76' title='bbox 459 1306 822 1393; x_wconf 87' lang='lat' dir='ltr'>Pseudoxenophontei</span> <span class='ocrx_word' id='word_1_77' title='bbox 857 1305 1058 1393; x_wconf 83' lang='lat' dir='ltr'>Cynegetici</span> <span class='ocrx_word' id='word_1_78' title='bbox 1092 1307 1240 1392; x_wconf 75' lang='lat' dir='ltr'>scriptor</span> 
     </span>
     <span class='ocr_line' id='line_1_12' title="bbox 94 1409 1241 1501; baseline -0.003 -21"><span class='ocrx_word' id='word_1_79' title='bbox 94 1414 243 1501; x_wconf 86' lang='lat' dir='ltr'>exponit,</span> <span class='ocrx_word' id='word_1_80' title='bbox 267 1413 383 1479; x_wconf 90' lang='lat' dir='ltr'>multis</span> <span class='ocrx_word' id='word_1_81' title='bbox 407 1412 548 1478; x_wconf 87' lang='lat' dir='ltr'>saeculis</span> <span class='ocrx_word' id='word_1_82' title='bbox 572 1415 674 1478; x_wconf 90' lang='lat' dir='ltr'>antea</span> <span class='ocrx_word' id='word_1_83' title='bbox 697 1411 848 1477; x_wconf 91' lang='lat' dir='ltr'>omnibns</span> <span class='ocrx_word' id='word_1_84' title='bbox 872 1410 946 1477; x_wconf 87' lang='lat' dir='ltr'>fere</span> <span class='ocrx_word' id='word_1_85' title='bbox 970 1409 1111 1477; x_wconf 83' lang='lat' dir='ltr'>Graecis</span> <span class='ocrx_word' id='word_1_86' title='bbox 1135 1411 1241 1477; x_wconf 85' lang='lat' dir='ltr'>fuisse</span> 
     </span>
     <span class='ocr_line' id='line_1_13' title="bbox 94 1515 1242 1603; baseline -0.004 -18"><span class='ocrx_word' id='word_1_87' title='bbox 94 1541 308 1585; x_wconf 89' lang='lat' dir='ltr'>communem.</span> <span class='ocrx_word' id='word_1_88' title='bbox 369 1517 473 1584; x_wconf 86' lang='lat' dir='ltr'>Certo</span> <span class='ocrx_word' id='word_1_89' title='bbox 510 1515 607 1603; x_wconf 91' lang='lat' dir='ltr'>lepus</span> <span class='ocrx_word' id='word_1_90' title='bbox 653 1515 842 1602; x_wconf 85' lang='lat' dir='ltr'>antiquitus</span> <span class='ocrx_word' id='word_1_91' title='bbox 882 1515 1078 1582; x_wconf 90' lang='lat' dir='ltr'>desiderata</span> <span class='ocrx_word' id='word_1_92' title='bbox 1113 1516 1242 1602; x_wconf 90' lang='lat' dir='ltr'>praeda</span> 
     </span>
     <span class='ocr_line' id='line_1_14' title="bbox 94 1621 1241 1708; baseline -0.004 -17"><span class='ocrx_word' id='word_1_93' title='bbox 94 1623 220 1692; x_wconf 80' lang='lat' dir='ltr'>Graeci</span> <span class='ocrx_word' id='word_1_94' title='bbox 242 1622 417 1689; x_wconf 88' lang='lat' dir='ltr'>venatoris</span> <span class='ocrx_word' id='word_1_95' title='bbox 440 1621 509 1687; x_wconf 87' lang='lat' dir='ltr'>fuit</span> <span class='ocrx_word' id='word_1_96' title='bbox 531 1643 638 1708; x_wconf 89' lang='lat' dir='ltr'>neque</span> <span class='ocrx_word' id='word_1_97' title='bbox 662 1621 839 1708; x_wconf 91' lang='lat' dir='ltr'>quicquam</span> <span class='ocrx_word' id='word_1_98' title='bbox 861 1621 981 1701; x_wconf 87' lang='lat' dir='ltr'>refert,</span> <span class='ocrx_word' id='word_1_99' title='bbox 1006 1625 1123 1687; x_wconf 88' lang='lat' dir='ltr'>utrum</span> <span class='ocrx_word' id='word_1_100' title='bbox 1144 1621 1241 1708; x_wconf 90' lang='lat' dir='ltr'>lepus</span> 
     </span>
     <span class='ocr_line' id='line_1_15' title="bbox 92 1725 1242 1811; baseline -0.003 -17"><span class='ocrx_word' id='word_1_101' title='bbox 92 1728 267 1795; x_wconf 89' lang='lat' dir='ltr'>Homerici</span> <span class='ocrx_word' id='word_1_102' title='bbox 293 1726 451 1793; x_wconf 88' lang='lat' dir='ltr'>carminis</span> <span class='ocrx_word' id='word_1_103' title='bbox 468 1727 572 1792; x_wconf 90' lang='lat' dir='ltr'>Asiae</span> <span class='ocrx_word' id='word_1_104' title='bbox 596 1748 640 1792; x_wconf 92' lang='lat' dir='ltr'>an</span> <span class='ocrx_word' id='word_1_105' title='bbox 661 1726 820 1811; x_wconf 85' lang='lat' dir='ltr'>Europae</span> <span class='ocrx_word' id='word_1_106' title='bbox 837 1725 1021 1791; x_wconf 89' lang='lat' dir='ltr'>tribuatur.</span> <span class='ocrx_word' id='word_1_107' title='bbox 1062 1725 1242 1793; x_wconf 81' lang='lat' dir='ltr'>Fertilitas</span> 
     </span>
     <span class='ocr_line' id='line_1_16' title="bbox 93 1830 1244 1921; baseline -0.001 -22"><span class='ocrx_word' id='word_1_108' title='bbox 93 1833 221 1921; x_wconf 89' lang='lat' dir='ltr'>leporis</span> <span class='ocrx_word' id='word_1_109' title='bbox 253 1830 476 1919; x_wconf 86' lang='lat' dir='ltr'>scriptoribus</span> <span class='ocrx_word' id='word_1_110' title='bbox 506 1853 637 1918; x_wconf 89' lang='lat' dir='ltr'>quoque</span> <span class='ocrx_word' id='word_1_111' title='bbox 668 1853 783 1896; x_wconf 89' lang='lat' dir='ltr'>rerum</span> <span class='ocrx_word' id='word_1_112' title='bbox 811 1830 1018 1896; x_wconf 90' lang='lat' dir='ltr'>naturalium</span> <span class='ocrx_word' id='word_1_113' title='bbox 1048 1833 1132 1898; x_wconf 91' lang='lat' dir='ltr'>bene</span> <span class='ocrx_word' id='word_1_114' title='bbox 1160 1835 1244 1898; x_wconf 88' lang='lat' dir='ltr'>nota</span> 
     </span>
     <span class='ocr_line' id='line_1_17' title="bbox 94 1936 729 2025; baseline -0.005 -22"><span class='ocrx_word' id='word_1_115' title='bbox 94 1937 282 2025; x_wconf 88' lang='lat' dir='ltr'>impedivit,</span> <span class='ocrx_word' id='word_1_116' title='bbox 306 1959 348 2002; x_wconf 92' lang='lat' dir='ltr'>ne</span> <span class='ocrx_word' id='word_1_117' title='bbox 369 1958 517 2022; x_wconf 87' lang='lat' dir='ltr'>unquam</span> <span class='ocrx_word' id='word_1_118' title='bbox 540 1936 729 2001; x_wconf 88' lang='lat' dir='ltr'>evanuerit.</span> 
     </span>
    </p>

    <p class='ocr_par' dir='ltr' id='par_1_4' title="bbox 95 2040 1251 3915">
     <span class='ocr_line' id='line_1_18' title="bbox 184 2040 1245 2127; baseline -0.003 -19"><span class='ocrx_word' id='word_1_119' title='bbox 184 2042 329 2108; x_wconf 90' lang='lat' dir='ltr'>Praeter</span> <span class='ocrx_word' id='word_1_120' title='bbox 353 2042 438 2107; x_wconf 91' lang='lat' dir='ltr'>hanc</span> <span class='ocrx_word' id='word_1_121' title='bbox 461 2040 604 2126; x_wconf 87' lang='lat' dir='ltr'>speciem</span> <span class='ocrx_word' id='word_1_122' title='bbox 628 2040 763 2127; x_wconf 81' lang='lat' dir='ltr'>‘leporis</span> <span class='ocrx_word' id='word_1_123' title='bbox 778 2040 980 2107; x_wconf 87' lang='lat' dir='ltr'>venationis&#39;</span> <span class='ocrx_word' id='word_1_124' title='bbox 997 2041 1148 2108; x_wconf 86' lang='lat' dir='ltr'>traditae</span> <span class='ocrx_word' id='word_1_125' title='bbox 1165 2043 1245 2106; x_wconf 90' lang='lat' dir='ltr'>sunt</span> 
     </span>
     <span class='ocr_line' id='line_1_19' title="bbox 97 2144 1243 2233; baseline -0.001 -21"><span class='ocrx_word' id='word_1_126' title='bbox 97 2147 261 2233; x_wconf 88' lang='lat' dir='ltr'>imagines</span> <span class='ocrx_word' id='word_1_127' title='bbox 292 2145 380 2231; x_wconf 93' lang='lat' dir='ltr'>nigr.</span> <span class='ocrx_word' id='word_1_128' title='bbox 412 2145 468 2230; x_wconf 88' lang='lat' dir='ltr'>fig.</span> <span class='ocrx_word' id='word_1_129' title='bbox 499 2144 671 2211; x_wconf 90' lang='lat' dir='ltr'>liberioris</span> <span class='ocrx_word' id='word_1_130' title='bbox 703 2144 965 2230; x_wconf 91' lang='lat' dir='ltr'>compositionis,</span> <span class='ocrx_word' id='word_1_131' title='bbox 999 2167 1140 2231; x_wconf 90' lang='lat' dir='ltr'>quarum</span> <span class='ocrx_word' id='word_1_132' title='bbox 1172 2148 1243 2211; x_wconf 84' lang='lat' dir='ltr'>tres</span> 
     </span>
     <span class='ocr_line' id='line_1_20' title="bbox 97 2250 1244 2338; baseline -0.002 -20"><span class='ocrx_word' id='word_1_133' title='bbox 97 2253 209 2338; x_wconf 81' lang='lat' dir='ltr'>Fossy</span> <span class='ocrx_word' id='word_1_134' title='bbox 241 2251 348 2318; x_wconf 90' lang='lat' dir='ltr'>edidit</span> <span class='ocrx_word' id='word_1_135' title='bbox 357 2250 405 2335; x_wconf 77' lang='grc'>58).</span> <span class='ocrx_word' id='word_1_136' title='bbox 459 2251 503 2316; x_wconf 89' lang='lat' dir='ltr'>ln</span> <span class='ocrx_word' id='word_1_137' title='bbox 531 2250 583 2315; x_wconf 89' lang='lat' dir='ltr'>his</span> <span class='ocrx_word' id='word_1_138' title='bbox 613 2250 725 2316; x_wconf 90' lang='lat' dir='ltr'>tribus</span> <span class='ocrx_word' id='word_1_139' title='bbox 757 2250 885 2316; x_wconf 89' lang='lat' dir='ltr'>Atticis</span> <span class='ocrx_word' id='word_1_140' title='bbox 916 2251 1117 2337; x_wconf 89' lang='lat' dir='ltr'>imaginibus</span> <span class='ocrx_word' id='word_1_141' title='bbox 1148 2251 1244 2338; x_wconf 90' lang='lat' dir='ltr'>lepus</span> 
     </span>
     <span class='ocr_line' id='line_1_21' title="bbox 95 2355 1242 2443; baseline -0.003 -20"><span class='ocrx_word' id='word_1_142' title='bbox 95 2363 236 2425; x_wconf 90' lang='lat' dir='ltr'>necatus</span> <span class='ocrx_word' id='word_1_143' title='bbox 271 2362 306 2423; x_wconf 90' lang='lat' dir='ltr'>et</span> <span class='ocrx_word' id='word_1_144' title='bbox 340 2357 431 2423; x_wconf 92' lang='lat' dir='ltr'>canis</span> <span class='ocrx_word' id='word_1_145' title='bbox 464 2358 638 2422; x_wconf 86' lang='lat' dir='ltr'>venaticus</span> <span class='ocrx_word' id='word_1_146' title='bbox 671 2355 893 2437; x_wconf 88' lang='lat' dir='ltr'>venationem,</span> <span class='ocrx_word' id='word_1_147' title='bbox 930 2377 1014 2442; x_wconf 90' lang='lat' dir='ltr'>quae</span> <span class='ocrx_word' id='word_1_148' title='bbox 1047 2355 1242 2443; x_wconf 85' lang='lat' dir='ltr'>praecessit,</span> 
     </span>
     <span class='ocr_line' id='line_1_22' title="bbox 98 2460 1247 2549; baseline 0.001 -23"><span class='ocrx_word' id='word_1_149' title='bbox 98 2461 259 2528; x_wconf 89' lang='lat' dir='ltr'>indicant.</span> <span class='ocrx_word' id='word_1_150' title='bbox 305 2462 346 2527; x_wconf 89' lang='lat' dir='ltr'>In</span> <span class='ocrx_word' id='word_1_151' title='bbox 370 2461 498 2527; x_wconf 89' lang='lat' dir='ltr'>duabus</span> <span class='ocrx_word' id='word_1_152' title='bbox 529 2464 673 2527; x_wconf 89' lang='lat' dir='ltr'>venator</span> <span class='ocrx_word' id='word_1_153' title='bbox 701 2460 849 2547; x_wconf 91' lang='lat' dir='ltr'>leporem</span> <span class='ocrx_word' id='word_1_154' title='bbox 879 2481 946 2526; x_wconf 92' lang='lat' dir='ltr'>una</span> <span class='ocrx_word' id='word_1_155' title='bbox 975 2482 1048 2526; x_wconf 88' lang='lat' dir='ltr'>cum</span> <span class='ocrx_word' id='word_1_156' title='bbox 1079 2460 1181 2549; x_wconf 87' lang='lat' dir='ltr'>vulpe</span> <span class='ocrx_word' id='word_1_157' title='bbox 1211 2461 1247 2527; x_wconf 93' lang='lat' dir='ltr'>in</span> 
     </span>
     <span class='ocr_line' id='line_1_23' title="bbox 97 2565 1245 2653; baseline 0.001 -21"><span class='ocrx_word' id='word_1_158' title='bbox 97 2574 210 2632; x_wconf 91' lang='lat' dir='ltr'>umero</span> <span class='ocrx_word' id='word_1_159' title='bbox 234 2589 275 2632; x_wconf 85' lang='lat' dir='ltr'>ex</span> <span class='ocrx_word' id='word_1_160' title='bbox 298 2565 455 2652; x_wconf 90' lang='lat' dir='ltr'>lagobolo</span> <span class='ocrx_word' id='word_1_161' title='bbox 478 2565 664 2653; x_wconf 90' lang='lat' dir='ltr'>pendentes</span> <span class='ocrx_word' id='word_1_162' title='bbox 687 2568 817 2651; x_wconf 86' lang='lat' dir='ltr'>portat,</span> <span class='ocrx_word' id='word_1_163' title='bbox 848 2566 883 2631; x_wconf 92' lang='lat' dir='ltr'>in</span> <span class='ocrx_word' id='word_1_164' title='bbox 913 2566 1021 2632; x_wconf 86' lang='lat' dir='ltr'>tertia</span> <span class='ocrx_word' id='word_1_165' title='bbox 1050 2566 1245 2633; x_wconf 89' lang='lat' dir='ltr'>adulescens</span> 
     </span>
     <span class='ocr_line' id='line_1_24' title="bbox 97 2670 1247 2760; baseline 0.001 -23"><span class='ocrx_word' id='word_1_166' title='bbox 97 2671 206 2738; x_wconf 89' lang='lat' dir='ltr'>nudus</span> <span class='ocrx_word' id='word_1_167' title='bbox 230 2670 345 2738; x_wconf 83' lang='lat' dir='ltr'>adfert</span> <span class='ocrx_word' id='word_1_168' title='bbox 366 2674 522 2737; x_wconf 89' lang='lat' dir='ltr'>necatum</span> <span class='ocrx_word' id='word_1_169' title='bbox 545 2671 695 2757; x_wconf 91' lang='lat' dir='ltr'>leporem</span> <span class='ocrx_word' id='word_1_170' title='bbox 718 2671 792 2736; x_wconf 91' lang='lat' dir='ltr'>viro</span> <span class='ocrx_word' id='word_1_171' title='bbox 817 2672 970 2760; x_wconf 85' lang='lat' dir='ltr'>barbato.</span> <span class='ocrx_word' id='word_1_172' title='bbox 1008 2672 1142 2760; x_wconf 90' lang='lat' dir='ltr'>Ubique</span> <span class='ocrx_word' id='word_1_173' title='bbox 1157 2673 1247 2739; x_wconf 90' lang='lat' dir='ltr'>retia</span> 
     </span>
     <span class='ocr_line' id='line_1_25' title="bbox 100 2776 1246 2864; baseline 0 -21"><span class='ocrx_word' id='word_1_174' title='bbox 100 2777 260 2843; x_wconf 91' lang='lat' dir='ltr'>deficiunt</span> <span class='ocrx_word' id='word_1_175' title='bbox 281 2777 343 2860; x_wconf 90' lang='lat' dir='ltr'>ita,</span> <span class='ocrx_word' id='word_1_176' title='bbox 364 2780 405 2843; x_wconf 89' lang='lat' dir='ltr'>ut</span> <span class='ocrx_word' id='word_1_177' title='bbox 427 2776 514 2841; x_wconf 89' lang='lat' dir='ltr'>hanc</span> <span class='ocrx_word' id='word_1_178' title='bbox 537 2776 750 2842; x_wconf 88' lang='lat' dir='ltr'>venationem</span> <span class='ocrx_word' id='word_1_179' title='bbox 767 2798 873 2862; x_wconf 91' lang='lat' dir='ltr'>neque</span> <span class='ocrx_word' id='word_1_180' title='bbox 890 2786 998 2842; x_wconf 84' lang='lat' dir='ltr'>artem</span> <span class='ocrx_word' id='word_1_181' title='bbox 1012 2799 1119 2864; x_wconf 91' lang='lat' dir='ltr'>neque</span> <span class='ocrx_word' id='word_1_182' title='bbox 1134 2777 1246 2843; x_wconf 92' lang='lat' dir='ltr'>nobile</span> 
     </span>
     <span class='ocr_line' id='line_1_26' title="bbox 102 2880 1246 2968; baseline 0 -20"><span class='ocrx_word' id='word_1_183' title='bbox 102 2881 251 2948; x_wconf 91' lang='lat' dir='ltr'>studium</span> <span class='ocrx_word' id='word_1_184' title='bbox 261 2881 435 2948; x_wconf 89' lang='lat' dir='ltr'>nominare</span> <span class='ocrx_word' id='word_1_185' title='bbox 448 2881 561 2948; x_wconf 87' lang='lat' dir='ltr'>velim.</span> <span class='ocrx_word' id='word_1_186' title='bbox 597 2881 769 2963; x_wconf 78' lang='lat' dir='ltr'>Quomodo</span> <span class='ocrx_word' id='word_1_187' title='bbox 783 2880 859 2946; x_wconf 90' lang='lat' dir='ltr'>fieri</span> <span class='ocrx_word' id='word_1_188' title='bbox 874 2881 1036 2968; x_wconf 90' lang='lat' dir='ltr'>potuerit,</span> <span class='ocrx_word' id='word_1_189' title='bbox 1052 2887 1093 2947; x_wconf 90' lang='lat' dir='ltr'>ut</span> <span class='ocrx_word' id='word_1_190' title='bbox 1107 2882 1246 2948; x_wconf 89' lang='lat' dir='ltr'>iuvenes</span> 
     </span>
     <span class='ocr_line' id='line_1_27' title="bbox 101 2986 1247 3073; baseline 0.002 -21"><span class='ocrx_word' id='word_1_191' title='bbox 101 2987 274 3053; x_wconf 89' lang='lat' dir='ltr'>occasione</span> <span class='ocrx_word' id='word_1_192' title='bbox 305 2986 388 3072; x_wconf 91' lang='lat' dir='ltr'>data</span> <span class='ocrx_word' id='word_1_193' title='bbox 422 2986 631 3073; x_wconf 88' lang='lat' dir='ltr'>lepusculum</span> <span class='ocrx_word' id='word_1_194' title='bbox 665 2989 853 3073; x_wconf 91' lang='lat' dir='ltr'>captarent,</span> <span class='ocrx_word' id='word_1_195' title='bbox 890 2989 1014 3073; x_wconf 92' lang='lat' dir='ltr'>optime</span> <span class='ocrx_word' id='word_1_196' title='bbox 1048 2987 1247 3054; x_wconf 90' lang='lat' dir='ltr'>illustratur</span> 
     </span>
     <span class='ocr_line' id='line_1_28' title="bbox 101 3090 1247 3177; baseline 0.002 -21"><span class='ocrx_word' id='word_1_197' title='bbox 101 3091 246 3176; x_wconf 88' lang='lat' dir='ltr'>imagine</span> <span class='ocrx_word' id='word_1_198' title='bbox 268 3094 339 3158; x_wconf 90' lang='lat' dir='ltr'>rub.</span> <span class='ocrx_word' id='word_1_199' title='bbox 364 3091 418 3177; x_wconf 92' lang='lat' dir='ltr'>fig.</span> <span class='ocrx_word' id='word_1_200' title='bbox 442 3090 580 3177; x_wconf 88' lang='lat' dir='ltr'>lecythi,</span> <span class='ocrx_word' id='word_1_201' title='bbox 612 3091 646 3155; x_wconf 91' lang='lat' dir='ltr'>in</span> <span class='ocrx_word' id='word_1_202' title='bbox 675 3112 741 3177; x_wconf 91' lang='lat' dir='ltr'>qna</span> <span class='ocrx_word' id='word_1_203' title='bbox 770 3091 923 3156; x_wconf 91' lang='lat' dir='ltr'>nonnulli</span> <span class='ocrx_word' id='word_1_204' title='bbox 953 3092 1089 3158; x_wconf 89' lang='lat' dir='ltr'>iuvenes</span> <span class='ocrx_word' id='word_1_205' title='bbox 1120 3093 1247 3159; x_wconf 87' lang='lat' dir='ltr'>baculis</span> 
     </span>
     <span class='ocr_line' id='line_1_29' title="bbox 102 3194 1248 3285; baseline 0.002 -25"><span class='ocrx_word' id='word_1_206' title='bbox 102 3194 271 3283; x_wconf 90' lang='lat' dir='ltr'>lapidibus</span> <span class='ocrx_word' id='word_1_207' title='bbox 295 3196 432 3262; x_wconf 90' lang='lat' dir='ltr'>canibus</span> <span class='ocrx_word' id='word_1_208' title='bbox 456 3194 607 3281; x_wconf 88' lang='lat' dir='ltr'>leporem</span> <span class='ocrx_word' id='word_1_209' title='bbox 629 3195 863 3281; x_wconf 88' lang='lat' dir='ltr'>insequentur,</span> <span class='ocrx_word' id='word_1_210' title='bbox 889 3220 986 3284; x_wconf 90' lang='lat' dir='ltr'>quem</span> <span class='ocrx_word' id='word_1_211' title='bbox 1009 3197 1099 3285; x_wconf 90' lang='lat' dir='ltr'>apud</span> <span class='ocrx_word' id='word_1_212' title='bbox 1116 3197 1248 3285; x_wconf 89' lang='lat' dir='ltr'>cippum</span> 
     </span>
     <span class='ocr_line' id='line_1_30' title="bbox 102 3300 1248 3390; baseline 0.003 -24"><span class='ocrx_word' id='word_1_213' title='bbox 102 3300 365 3386; x_wconf 86' lang='lat' dir='ltr'>exagitaverunt</span> <span class='ocrx_word' id='word_1_214' title='bbox 375 3300 424 3385; x_wconf 77' lang='grc'>59).</span> <span class='ocrx_word' id='word_1_215' title='bbox 459 3300 525 3366; x_wconf 87' lang='lat' dir='ltr'>Hic</span> <span class='ocrx_word' id='word_1_216' title='bbox 540 3300 669 3367; x_wconf 84' lang='lat' dir='ltr'>artifex</span> <span class='ocrx_word' id='word_1_217' title='bbox 683 3300 743 3367; x_wconf 95' lang='lat' dir='ltr'>illo</span> <span class='ocrx_word' id='word_1_218' title='bbox 760 3323 896 3384; x_wconf 82' lang='lat' dir='ltr'>conexu,</span> <span class='ocrx_word' id='word_1_219' title='bbox 921 3302 979 3389; x_wconf 91' lang='lat' dir='ltr'>qui</span> <span class='ocrx_word' id='word_1_220' title='bbox 995 3303 1248 3390; x_wconf 88' lang='lat' dir='ltr'>superstitionis</span> 
     </span>
     <span class='ocr_line' id='line_1_31' title="bbox 101 3405 1248 3494; baseline 0.003 -24"><span class='ocrx_word' id='word_1_221' title='bbox 101 3405 213 3471; x_wconf 92' lang='lat' dir='ltr'>nesoio</span> <span class='ocrx_word' id='word_1_222' title='bbox 238 3406 330 3472; x_wconf 85' lang='lat' dir='ltr'>cuius</span> <span class='ocrx_word' id='word_1_223' title='bbox 354 3405 446 3472; x_wconf 93' lang='lat' dir='ltr'>inter</span> <span class='ocrx_word' id='word_1_224' title='bbox 469 3406 602 3493; x_wconf 88' lang='lat' dir='ltr'>cippum</span> <span class='ocrx_word' id='word_1_225' title='bbox 625 3409 661 3471; x_wconf 86' lang='lat' dir='ltr'>et</span> <span class='ocrx_word' id='word_1_226' title='bbox 683 3405 831 3492; x_wconf 90' lang='lat' dir='ltr'>leporem</span> <span class='ocrx_word' id='word_1_227' title='bbox 854 3407 1045 3490; x_wconf 86' lang='lat' dir='ltr'>intercedit,</span> <span class='ocrx_word' id='word_1_228' title='bbox 1073 3407 1172 3494; x_wconf 91' lang='lat' dir='ltr'>plane</span> <span class='ocrx_word' id='word_1_229' title='bbox 1196 3430 1248 3473; x_wconf 91' lang='lat' dir='ltr'>so-</span> 
     </span>
     <span class='ocr_line' id='line_1_32' title="bbox 101 3509 1249 3597; baseline 0.004 -22"><span class='ocrx_word' id='word_1_230' title='bbox 101 3509 176 3576; x_wconf 93' lang='lat' dir='ltr'>lnto</span> <span class='ocrx_word' id='word_1_231' title='bbox 207 3515 444 3597; x_wconf 88' lang='lat' dir='ltr'>argumentum</span> <span class='ocrx_word' id='word_1_232' title='bbox 472 3511 628 3597; x_wconf 89' lang='lat' dir='ltr'>picturae</span> <span class='ocrx_word' id='word_1_233' title='bbox 659 3533 700 3576; x_wconf 85' lang='lat' dir='ltr'>ex</span> <span class='ocrx_word' id='word_1_234' title='bbox 729 3510 848 3576; x_wconf 88' lang='lat' dir='ltr'>humili</span> <span class='ocrx_word' id='word_1_235' title='bbox 877 3511 952 3578; x_wconf 89' lang='lat' dir='ltr'>vita</span> <span class='ocrx_word' id='word_1_236' title='bbox 981 3515 1155 3579; x_wconf 89' lang='lat' dir='ltr'>mutuatus</span> <span class='ocrx_word' id='word_1_237' title='bbox 1186 3517 1249 3580; x_wconf 89' lang='lat' dir='ltr'>cst.</span> 
     </span>
     <span class='ocr_line' id='line_1_33' title="bbox 102 3614 1251 3704; baseline 0.004 -25"><span class='ocrx_word' id='word_1_238' title='bbox 102 3614 288 3682; x_wconf 87' lang='lat' dir='ltr'>Praeterea</span> <span class='ocrx_word' id='word_1_239' title='bbox 298 3615 394 3703; x_wconf 89' lang='lat' dir='ltr'>lepus</span> <span class='ocrx_word' id='word_1_240' title='bbox 407 3615 576 3699; x_wconf 87' lang='lat' dir='ltr'>significat</span> <span class='ocrx_word' id='word_1_241' title='bbox 588 3616 747 3701; x_wconf 88' lang='lat' dir='ltr'>praedam</span> <span class='ocrx_word' id='word_1_242' title='bbox 768 3617 834 3682; x_wconf 89' lang='lat' dir='ltr'>viri</span> <span class='ocrx_word' id='word_1_243' title='bbox 849 3616 953 3699; x_wconf 89' lang='lat' dir='ltr'>illius,</span> <span class='ocrx_word' id='word_1_244' title='bbox 969 3618 1022 3683; x_wconf 89' lang='lat' dir='ltr'>cui</span> <span class='ocrx_word' id='word_1_245' title='bbox 1038 3618 1251 3704; x_wconf 89' lang='lat' dir='ltr'>sepulchrum</span> 
     </span>
     <span class='ocr_line' id='line_1_34' title="bbox 103 3720 1251 3810; baseline 0.002 -25"><span class='ocrx_word' id='word_1_246' title='bbox 103 3724 157 3785; x_wconf 91' lang='lat' dir='ltr'>est</span> <span class='ocrx_word' id='word_1_247' title='bbox 179 3723 360 3802; x_wconf 90' lang='lat' dir='ltr'>sacratum,</span> <span class='ocrx_word' id='word_1_248' title='bbox 395 3720 483 3786; x_wconf 86' lang='lat' dir='ltr'>sicut</span> <span class='ocrx_word' id='word_1_249' title='bbox 506 3720 541 3785; x_wconf 93' lang='lat' dir='ltr'>in</span> <span class='ocrx_word' id='word_1_250' title='bbox 565 3721 713 3807; x_wconf 88' lang='lat' dir='ltr'>ampulla</span> <span class='ocrx_word' id='word_1_251' title='bbox 737 3721 879 3808; x_wconf 89' lang='lat' dir='ltr'>quadam</span> <span class='ocrx_word' id='word_1_252' title='bbox 903 3722 1024 3789; x_wconf 87' lang='lat' dir='ltr'>Attica</span> <span class='ocrx_word' id='word_1_253' title='bbox 1054 3745 1251 3810; x_wconf 90' lang='lat' dir='ltr'>repraesen-</span> 
     </span>
     <span class='ocr_line' id='line_1_35' title="bbox 103 3824 1250 3915; baseline 0.003 -25"><span class='ocrx_word' id='word_1_254' title='bbox 103 3824 260 3909; x_wconf 75' lang='lat' dir='ltr'>tatur⁶‘&#39;).</span> <span class='ocrx_word' id='word_1_255' title='bbox 305 3824 356 3891; x_wconf 93' lang='lat' dir='ltr'>De</span> <span class='ocrx_word' id='word_1_256' title='bbox 386 3825 449 3892; x_wconf 90' lang='lat' dir='ltr'>hac</span> <span class='ocrx_word' id='word_1_257' title='bbox 476 3847 514 3891; x_wconf 90' lang='lat' dir='ltr'>re</span> <span class='ocrx_word' id='word_1_258' title='bbox 536 3825 799 3911; x_wconf 85' lang='lat' dir='ltr'>Furtwaengler</span> <span class='ocrx_word' id='word_1_259' title='bbox 830 3827 866 3891; x_wconf 91' lang='lat' dir='ltr'>in</span> <span class='ocrx_word' id='word_1_260' title='bbox 894 3826 1117 3914; x_wconf 84' lang='lat' dir='ltr'>praefatione,</span> <span class='ocrx_word' id='word_1_261' title='bbox 1152 3850 1250 3915; x_wconf 91' lang='lat' dir='ltr'>quam</span> 
     </span>
    </p>
   </div>
   <div class='ocr_carea' id='block_1_4' title="bbox 104 3999 1252 4340">
    <p class='ocr_par' dir='ltr' id='par_1_5' title="bbox 104 3999 1252 4147">
     <span class='ocr_line' id='line_1_36' title="bbox 194 3999 1252 4073; baseline 0.004 -19"><span class='ocrx_word' id='word_1_262' title='bbox 194 4001 240 4069; x_wconf 76' lang='lat'>58)</span> <span class='ocrx_word' id='word_1_263' title='bbox 260 3999 352 4056; x_wconf 84' lang='lat' dir='ltr'>Revue</span> <span class='ocrx_word' id='word_1_264' title='bbox 376 4001 495 4056; x_wconf 79' lang='lat' dir='ltr'>aroheol</span> <span class='ocrx_word' id='word_1_265' title='bbox 515 4001 540 4054; x_wconf 87' lang='lat' dir='ltr'>S.</span> <span class='ocrx_word' id='word_1_266' title='bbox 555 4006 580 4056; x_wconf 86' lang='lat'>3.</span> <span class='ocrx_word' id='word_1_267' title='bbox 600 4000 676 4057; x_wconf 86' lang='lat' dir='ltr'>Tom.</span> <span class='ocrx_word' id='word_1_268' title='bbox 698 4006 730 4056; x_wconf 82' lang='lat'>18</span> <span class='ocrx_word' id='word_1_269' title='bbox 749 4006 842 4073; x_wconf 87' lang='grc'>(1891)</span> <span class='ocrx_word' id='word_1_270' title='bbox 861 4019 924 4073; x_wconf 83' lang='lat' dir='ltr'>pag.</span> <span class='ocrx_word' id='word_1_271' title='bbox 944 4008 995 4060; x_wconf 87' lang='grc'>361</span> <span class='ocrx_word' id='word_1_272' title='bbox 1007 4021 1067 4073; x_wconf 90' lang='lat' dir='ltr'>sqq.</span> <span class='ocrx_word' id='word_1_273' title='bbox 1088 4004 1122 4059; x_wconf 83' lang='lat' dir='ltr'>cf.</span> <span class='ocrx_word' id='word_1_274' title='bbox 1149 4005 1252 4060; x_wconf 90' lang='lat' dir='ltr'>Berlin.</span> 
     </span>
     <span class='ocr_line' id='line_1_37' title="bbox 104 4087 834 4147; baseline 0.007 -5"><span class='ocrx_word' id='word_1_275' title='bbox 104 4087 197 4143; x_wconf 83' lang='lat' dir='ltr'>Katal.</span> <span class='ocrx_word' id='word_1_276' title='bbox 216 4090 295 4144; x_wconf 83' lang='lat'>2053.</span> <span class='ocrx_word' id='word_1_277' title='bbox 316 4095 344 4145; x_wconf 91' lang='lat' dir='ltr'>et</span> <span class='ocrx_word' id='word_1_278' title='bbox 363 4090 470 4145; x_wconf 88' lang='lat' dir='ltr'>Pettier</span> <span class='ocrx_word' id='word_1_279' title='bbox 489 4090 560 4145; x_wconf 91' lang='lat' dir='ltr'>Bull.</span> <span class='ocrx_word' id='word_1_280' title='bbox 581 4107 650 4147; x_wconf 88' lang='lat' dir='ltr'>corr.</span> <span class='ocrx_word' id='word_1_281' title='bbox 671 4092 735 4147; x_wconf 89' lang='lat' dir='ltr'>hell.</span> <span class='ocrx_word' id='word_1_282' title='bbox 758 4096 834 4147; x_wconf 81' lang='lat'>1893.</span> 
     </span>
    </p>

    <p class='ocr_par' dir='ltr' id='par_1_6' title="bbox 195 4180 1111 4256">
     <span class='ocr_line' id='line_1_38' title="bbox 195 4180 1111 4256; baseline 0.008 -22"><span class='ocrx_word' id='word_1_283' title='bbox 195 4182 242 4249; x_wconf 83' lang='lat'>59)</span> <span class='ocrx_word' id='word_1_284' title='bbox 260 4180 389 4250; x_wconf 85' lang='lat' dir='ltr'>Murray:</span> <span class='ocrx_word' id='word_1_285' title='bbox 408 4181 504 4235; x_wconf 90' lang='lat' dir='ltr'>White</span> <span class='ocrx_word' id='word_1_286' title='bbox 524 4182 661 4236; x_wconf 83' lang='lat' dir='ltr'>Athenian</span> <span class='ocrx_word' id='word_1_287' title='bbox 680 4184 775 4252; x_wconf 87' lang='lat' dir='ltr'>Vases,</span> <span class='ocrx_word' id='word_1_288' title='bbox 795 4184 832 4254; x_wconf 91' lang='lat' dir='ltr'>pl.</span> <span class='ocrx_word' id='word_1_289' title='bbox 852 4183 898 4238; x_wconf 84' lang='lat' dir='ltr'>VI.</span> <span class='ocrx_word' id='word_1_290' title='bbox 919 4184 1000 4254; x_wconf 86' lang='lat' dir='ltr'>(Brit.</span> <span class='ocrx_word' id='word_1_291' title='bbox 1019 4185 1111 4256; x_wconf 80' lang='lat' dir='ltr'>Mus).</span> 
     </span>
    </p>

    <p class='ocr_par' dir='ltr' id='par_1_7' title="bbox 194 4269 789 4340">
     <span class='ocr_line' id='line_1_39' title="bbox 194 4269 789 4340; baseline 0.007 -18"><span class='ocrx_word' id='word_1_292' title='bbox 194 4271 241 4339; x_wconf 89' lang='grc'>60)</span> <span class='ocrx_word' id='word_1_293' title='bbox 260 4270 360 4325; x_wconf 83' lang='lat' dir='ltr'>Athen.</span> <span class='ocrx_word' id='word_1_294' title='bbox 379 4269 452 4325; x_wconf 91' lang='lat' dir='ltr'>Mitt.</span> <span class='ocrx_word' id='word_1_295' title='bbox 476 4275 507 4325; x_wconf 88' lang='lat'>16</span> <span class='ocrx_word' id='word_1_296' title='bbox 527 4272 620 4340; x_wconf 86' lang='grc'>(1891)</span> <span class='ocrx_word' id='word_1_297' title='bbox 640 4272 695 4326; x_wconf 90' lang='lat' dir='ltr'>tab.</span> <span class='ocrx_word' id='word_1_298' title='bbox 716 4272 789 4326; x_wconf 89' lang='lat' dir='ltr'>VIII.</span> 
     </span>
    </p>
   </div>
   <div class='ocr_carea' id='block_1_5' title="bbox 0 0 1461 4734">
    <p class='ocr_par' dir='ltr' id='par_1_8' title="bbox 0 0 1461 4734">
     <span class='ocr_line' id='line_1_40' title="bbox 0 0 1461 4734; baseline 0 0"><span class='ocrx_word' id='word_1_299' title='bbox 0 0 1461 4734; x_wconf 95' lang='lat' dir='ltr'> </span> 
     </span>
    </p>
   </div>
  </div>
 </body>
</html>
