2880 4734
187 1041 236 1143 In
267 1076 404 1165 scriptis
431 1076 667 1164 Xenophontis
699 1075 927 1162 cynegetious
961 1075 1049 1143 liber
1081 1079 1239 1144 servatus

96 1186 160 1265 est,
187 1183 245 1270 qui
265 1181 501 1269 Xenophontis
534 1203 607 1248 esse
639 1203 681 1247 ex
702 1180 911 1268 antiquitate
944 1203 1049 1268 usque
1079 1180 1123 1248 ad
1152 1180 1240 1248 hunc

98 1289 172 1355 fere
196 1287 285 1354 diem
306 1287 493 1375 putabatur
506 1285 540 1370 1).
585 1285 684 1354 Nunc
705 1285 797 1352 inter
813 1308 927 1353 omnes
942 1284 1122 1374 praecipue
1136 1307 1241 1373 opera

97 1391 363 1460 Radermacheri
377 1390 401 1476 ²)
424 1393 582 1458 constare
598 1390 697 1458 credo
713 1390 973 1478 Xenophontem
987 1390 1074 1457 hunc
1087 1390 1240 1457 libellum

99 1523 168 1566 non
190 1496 375 1585 scripsisse.
420 1495 502 1562 Alia
525 1499 579 1563 est
601 1496 766 1584 quaestio,
790 1494 922 1584 quando
945 1494 1034 1562 liber
1055 1495 1116 1563 ille
1130 1494 1241 1583 Cyne-

96 1604 228 1691 geticus
252 1609 348 1669 ortus
373 1599 429 1682 sit,
453 1622 520 1688 qua
542 1600 641 1667 utin
661 1601 840 1668 historiam
862 1599 913 1666 rei
934 1601 1111 1668 venaticae
1129 1601 1240 1667 acrius

80 1706 303 1794 'inquirerem
325 1706 565 1771 commovebar.
610 1703 840 1773 Secludendae
864 1703 957 1771 inter
980 1726 1015 1770 se
1039 1708 1118 1772 sunt
1139 1726 1240 1793 quae

96 1812 225 1879 stiones
258 1811 370 1877 altera
403 1808 567 1896 quomodo
591 1808 716 1876 Graeci
748 1811 798 1895 (et
829 1808 975 1875 Romani
1001 1811 1136 1897 postea)
1170 1810 1241 1876 sint

95 1915 222 1998 venati,
259 1913 370 1981 altera
401 1914 521 2001 quibus
554 1914 763 2002 temporibus
795 1913 944 1981 studium
973 1914 1120 1981 venandi
1150 1914 1242 2003 apud

96 2044 152 2089 eos
175 2007 355 2085 floruerit.

182 2125 336 2192 Venatus
359 2122 450 2189 modi
472 2125 508 2189 et
529 2126 716 2210 apparatus
740 2146 903 2211 canesque
927 2127 962 2191 et
986 2123 1063 2211 equi
1090 2125 1126 2189 et
1149 2122 1242 2190 servi

95 2228 244 2298 venatici
269 2228 435 2316 imprimis
470 2224 720 2314 cognoscuntur
755 2251 796 2294 ex
828 2229 876 2295 eis
907 2228 1016 2311 libris,
1045 2227 1103 2315 qui
1136 2227 1240 2294 nomi-

94 2337 221 2402 nantur
244 2332 455 2419 Cynegetici.
499 2332 644 2400 Praeter
667 2331 1071 2421 Pseudoxenophonteum
1101 2335 1241 2399 exstant

95 2438 160 2506 duo
177 2438 310 2507 Graeci.
354 2436 458 2504 Alter
481 2437 684 2525 compositus
709 2442 762 2505 est
776 2439 818 2504 ab
834 2438 986 2505 Arriano
1002 2435 1239 2524 Xenophontis

95 2543 279 2626 imitatore,
312 2541 403 2609 alter
437 2545 480 2609 ab
515 2542 667 2630 Oppieno
698 2541 904 2629 Apameensi
938 2548 1050 2630 poh'ta.
1095 2541 1241 2609 Romani

96 2648 370 2735 cynegeticorum
402 2648 586 2714 carminum
616 2651 738 2734 poetae
775 2652 855 2716 sunt
887 2648 1057 2732 Grattius,
1093 2648 1152 2736 qui
1182 2649 1240 2716 vix

97 2753 172 2820 iure
193 2753 346 2821 Faliscus
370 2753 637 2840 cognominatur,
663 2760 699 2820 et
722 2752 952 2821 Nemesianus.

183 2857 277 2941 Quae
299 2857 353 2924 his
376 2858 413 2922 in
443 2857 568 2924 libellis
601 2856 643 2923 de
674 2858 853 2925 venatione
884 2857 999 2944 magni
1029 2857 1240 2924 aestimanda

96 2960 314 3028 inveniuntur
339 2961 529 3029 sententiae
560 2965 641 3029 sunt
663 2962 874 3048 singulorum
905 2961 1084 3029 hominum.
1128 2961 1240 3029 Multa

97 3067 212 3131 autem
232 3066 341 3154 pluris
364 3069 483 3134 nostra
505 3067 650 3133 interest
666 3067 762 3150 scire,
786 3070 996 3155 quantopere
1011 3089 1066 3133 res
1083 3065 1241 3133 venatica

96 3170 227 3237 omnino
250 3172 378 3238 animos
403 3170 610 3241 Graecorum
633 3175 670 3238 et
692 3171 919 3239 Romanorum
942 3171 1090 3239 cuiusvis
1114 3172 1239 3238 aetatis

95 3276 324 3343 commoverit.
370 3275 458 3342 Nam
480 3277 679 3364 quicumque
711 3299 782 3343 rem
805 3300 873 3344 non
902 3277 1108 3366 perquisivit
1138 3276 1239 3343 facile

94 3383 196 3467 putat
227 3381 440 3449 vasculorum
470 3380 594 3449 decora
631 3387 666 3449 et
697 3382 866 3469 parietum
899 3383 1062 3468 imagines
1096 3380 1239 3449 reddere

95 3484 191 3571 quasi
228 3486 365 3572 specula
402 3488 533 3552 statum
569 3486 760 3553 cotidianae
804 3485 897 3552 illius
935 3486 1099 3574 temporis
1135 3485 1239 3552 vitae.

93 3587 280 3656 Praeterea
310 3590 476 3657 vocabula
505 3594 708 3657 venatorum
730 3595 802 3657 tum
832 3614 900 3658 non
930 3590 1038 3656 minus
1073 3593 1241 3657 ornabant

96 3693 301 3761 cotidianum
325 3717 511 3761 sermonem
534 3716 634 3783 quam
654 3695 754 3762 hodie
776 3695 812 3760 in
833 3697 955 3762 nostra
976 3695 1095 3781 lingua
1127 3696 1241 3761 obser-

94 3797 172 3863 vari
186 3801 311 3885 potest.
342 3800 429 3867 Rem
444 3821 517 3866 esse
533 3798 760 3865 difficiliorem
770 3801 927 3887 opusculo
939 3797 1238 3867 demonstrabitur.

94 3899 295 3970 Percurram
318 3924 400 3990 ergo
428 3926 514 3992 quae
537 3904 572 3969 in
594 3903 817 3971 monumentis
841 3903 990 3992 antiquis
1021 3906 1056 3970 et
1078 3901 1238 3992 principi-

186 4078 213 4147 1)
231 4078 396 4146 praesertim
414 4096 475 4134 cum
493 4079 647 4148 Xenophon
666 4086 694 4135 et
713 4086 786 4137 esset
804 4079 921 4136 venandi
940 4078 1031 4136 studio
1050 4077 1158 4134 deditus
1175 4082 1239 4149 (An.

94 4166 119 4233 5,
140 4179 161 4234 e,
180 4168 243 4237 c-re)
261 4173 290 4222 et
308 4168 378 4224 alios
396 4169 490 4238 libros,
511 4184 627 4238 quorum
646 4171 756 4225 nomina
774 4171 803 4225 in
822 4168 894 4232 -ικός
913 4169 1048 4238 desinunt,
1075 4169 1239 4238 scripsisset.

183 4258 212 4326 2)
230 4256 303 4312 Mus.
321 4257 408 4314 Rhen.
429 4261 463 4313 51
482 4260 576 4329 (1896)
594 4275 658 4328 pag.
677 4262 738 4316 596.

334 4387 337 4396 ·
989 4349 1007 4414 l
