2880 4734
693 89 736 154 14

142 265 280 353 Figuris
314 265 457 331 duorum
491 264 712 331 currentium
735 264 929 331 animalium
964 264 1090 352 optime
1121 267 1300 350 angustae·

142 393 248 437 zonae
272 370 495 457 explebantur
520 370 741 437 vasculorum.
776 371 884 452 Licet,
908 375 949 438 ut
963 369 1153 438 Loeschcke
1177 370 1290 453 docet,

143 481 288 542 venator
311 498 353 542 ex
376 475 452 541 aliis
475 475 676 562 imaginibus
702 475 747 542 sit
771 475 978 561 desumptus
1002 479 1094 542 certe
1117 475 1210 543 vitae
1235 474 1294 542 de·

142 583 244 648 betur
268 587 352 662 rete,
384 580 472 668 quod
500 581 731 648 dissimillimis
760 581 949 648 rationibus
980 581 1128 648 artifices
1159 581 1295 667 fingere

143 690 410 773 temptaverunt.
445 684 521 767 Qua
542 708 580 752 re
601 687 768 773 probatur
791 687 882 752 retia
905 690 1025 753 octavo
1041 686 1116 752 fere
1133 706 1162 751 a.
1181 685 1241 753 Ch.
1257 710 1293 752 n.

144 791 277 858 saeculo
292 790 328 856 in
343 791 513 878 leporibus
529 791 690 858 venandis
712 790 818 857 fuisse
832 791 974 874 usitata,
998 792 1088 878 quod
1103 814 1145 858 ex
1159 791 1293 858 litteris

143 895 271 963 discere
293 919 360 962 non
383 918 569 982 possumus.
608 896 816 984 Quamquam
838 896 947 983 igitur
968 897 1004 962 in
1027 896 1187 984 exemplis
1205 919 1294 983 quae

144 1009 329 1088 sequontur
352 1021 449 1067 canes
474 1005 510 1067 et
532 1000 664 1088 lepores
688 1003 746 1086 (et,
777 1001 888 1088 siqui
918 1005 1066 1080 exstant,
1098 1002 1295 1085 venatores)

142 1105 235 1171 inter
258 1129 294 1172 se
310 1105 396 1172 satis
413 1104 538 1172 similes
556 1109 645 1186 sunt,
670 1106 728 1170 vix
742 1129 883 1194 usquam
899 1107 989 1173 retia
1004 1106 1151 1172 eiusdem
1167 1106 1294 1193 speciei

142 1209 178 1274 in
201 1210 370 1276 artificum
393 1210 551 1297 operibus
575 1211 720 1277 discerni
743 1216 895 1299 possunt.

312 1315 339 1380 Ι.
365 1316 510 1382 Catillus
534 1316 669 1401 figIInus
693 1319 795 1383 ruber
806 1316 855 1401 ⁵⁰).

1241 1421 1269 1460 m

280 1421 347 1592 Ill.
413 1526 595 1613 Ampullae
626 1549 712 1614 quae
740 1527 902 1674 dicuntur
934 1423 1295 1612 Protoeorinchiaefflt

288 1631 349 1802 Ill.
374 1736 497 1824 Tripus
521 1736 797 1824 Tanagraeum).
1240 1629 1296 1714 ⁶³)

286 1841 350 1908 VI.
372 1840 500 1907 Patere
525 1841 685 1929 Capuana
695 1841 744 1928 ⁵⁵).

233 1946 438 2012 Conferendi
461 1968 562 2014 causa
584 1947 757 2013 adduntur
778 1951 959 2034 practerea

273 2051 355 2117 VII.
379 2050 446 2117 Pat
431 2056 508 2118 tera
530 2074 572 2118 ex
594 2052 738 2118 Volscis
751 2053 839 2138 nigr.
864 2052 919 2138 fig.
930 2051 980 2137 77.)

252 2156 353 2223 VIII.
379 2156 582 2243 Operculum
604 2157 735 2224 vasculi
757 2158 843 2243 nigr.
868 2157 947 2244 fig.⁵
950 2157 983 2242 7.)

238 3438 284 3507 50)
303 3436 488 3506 Rotthoniger
506 3437 678 3493 Relieftoller
694 3438 776 3493 Arch.
790 3437 851 3506 Ztg.
867 3439 933 3491 1881
948 3453 1010 3506 pag.
1024 3438 1106 3504 33)34
1118 3435 1154 3492 cf.
1168 3443 1296 3492 ornatum

146 3531 261 3582 aeneum
280 3526 439 3581 Thebanum
459 3526 518 3581 sine
537 3527 592 3582 reti
610 3533 638 3581 et
656 3533 787 3582 venatore
805 3527 888 3581 Arch.
908 3528 976 3580 Ana.
998 3529 1065 3581 1891
1085 3543 1112 3596 p.
1134 3529 1192 3581 125.

237 3618 284 3686 51)
303 3617 385 3670 Arch.
406 3616 466 3685 Ztg.
489 3619 556 3671 1883
576 3617 632 3670 tab.
652 3616 685 3685 X,
696 3619 721 3670 2.

238 3709 284 3777 52)
304 3707 421 3760 Journal
440 3706 471 3760 of
486 3706 551 3761 hell.
571 3704 675 3761 studies
694 3706 742 3775 XI,
761 3706 817 3760 tab.
831 3710 856 3760 2.
876 3707 981 3776 (1890).

238 3796 285 3866 53)
304 3796 433 3865 Melange
451 3796 550 3851 Perrot
568 3797 606 3865 pl.
626 3796 672 3850 IV.

237 3887 283 3955 54)
302 3887 384 3939 Arch.
405 3886 466 3954 Ztg.
488 3889 554 3940 1881
573 3886 629 3940 tab.
648 3885 696 3940 IV.

236 3977 283 4046 55)
302 3975 384 4030 Arch.
396 3976 456 4044 Ztg.
470 3978 535 4030 1881
547 3976 603 4030 tab.
615 3977 648 4030 V.
661 3973 750 4044 φιάλη
763 3972 942 4045 μεσόμφαλος
955 3991 989 4029 ex
999 3973 1174 4030 Nicosthenis
1188 3989 1297 4042 genere.

237 4064 337 4136 56)(15
355 4063 475 4120 Ridder:
496 4065 582 4119 Catal.
603 4065 628 4120 d
648 4080 727 4121 vases
747 4062 882 4134 peintsd
902 4065 920 4120 l.
939 4064 1008 4118 bibl.
1026 4070 1083 4119 nat.
1103 4065 1177 4132 1,.95

237 4157 284 4225 57)
303 4157 403 4211 Athen.
423 4156 496 4210 Mitt.
516 4159 551 4211 30
570 4157 665 4227 (1905)
684 4170 746 4225 pag
766 4160 827 4211 410
847 4156 974 4225 superior
992 4171 1058 4224 pars
1077 4156 1145 4210 retis
1164 4171 1198 4210 ex
1216 4171 1298 4211 vena·

147 4244 223 4299 tione
241 4260 437 4300 cervorum.
