2880 4734
699 223 742 289 45

146 397 314 465 sermonis
324 397 389 483 199).
434 396 518 464 Mihi
539 418 736 486 persuasum
760 401 814 464 est
836 395 898 463 hoc
927 397 1039 485 capite
1069 396 1294 488 cogitationes

145 502 305 571 Platonis
334 503 503 570 contineri
510 525 518 586 3
550 503 630 589 quin
660 501 764 569 etiam
793 501 856 568 bae
888 500 981 588 ipsae
1013 502 1176 584 cautelae,
1209 524 1294 588 quae

144 609 379 697 experientiae
391 607 547 676 Platonis
560 606 735 688 debentur,
752 605 932 695 praecipue
943 610 1023 674 sunt
1034 606 1234 695 philosophi.
1247 647 1290 654 —

147 713 251 782 Plato
282 713 392 801 igitur
423 716 583 781 venatum
614 712 754 802 putavit
784 710 914 795 utilem,
948 711 1027 799 qnia
1059 712 1197 779 iuvenes
1232 712 1293 779 boc

144 819 244 887 modo
267 819 416 908 patriam
439 825 681 905 cognoscerent
689 817 752 904 2ου).
798 817 840 883 In
863 839 957 883 suam
980 820 1093 885 autem
1116 817 1291 885 civitatem

144 947 215 992 non
246 923 431 1012 quemlibet
461 927 620 992 venatum
653 922 791 990 admitti
821 922 941 990 voluit.
994 921 1080 988 Eum
1110 922 1217 990 solnm
1248 922 1292 990 ad

145 1028 314 1096 virtutem
336 1027 524 1116 augendam
544 1027 701 1094 idoneum
724 1050 798 1095 esse
829 1026 1049 1108 existimavit,
1081 1049 1145 1114 quo
1178 1026 1291 1094 adule-
1377 1071 1378 1074 =

147 1139 280 1202 scentes
303 1135 396 1201 feras
420 1156 521 1200 cursu
543 1156 617 1200 cum
639 1133 776 1200 canibus
800 1135 1003 1219 superarent
1026 1136 1088 1199 aut
1111 1154 1167 1200 eas
1192 1155 1292 1200 vena-

146 1237 236 1306 bulis
259 1238 332 1305 sive
354 1238 435 1306 telis
459 1239 531 1307 sive
554 1237 693 1323 sagittis
716 1241 936 1326 percuterent
946 1236 1007 1315 ²⁰¹).
1041 1237 1155 1304 Noctu
1178 1240 1292 1304 autem

144 1348 206 1412 aut
227 1344 358 1432 laqueis
380 1343 498 1412 venari
520 1343 620 1430 plane
643 1345 750 1410 vetat.

235 1451 310 1534 Qua
324 1449 360 1515 in
375 1471 413 1516 re
429 1448 592 1515 nonnulla
608 1447 910 1515 animadvertenda
922 1451 1010 1514 sunt.
1045 1447 1291 1514 Adulescentes

143 1555 198 1621 illi
219 1555 257 1622 in
278 1555 400 1622 finibus
415 1554 557 1623 Atticae
577 1554 780 1641 equitantes,
806 1576 887 1640 quos
911 1576 1048 1620 cervum
1070 1552 1142 1641 (vix
1160 1553 1291 1640 aprum)

145 1661 318 1749 capientes
340 1661 376 1728 in
398 1659 544 1728 vasculis
560 1660 660 1746 pictis
675 1659 765 1746 uigr.
781 1658 837 1746 fig.
854 1658 1008 1740 vidimus,
1032 1664 1126 1726 certo
1142 1660 1291 1746 patriam

146 1770 379 1854 cognoverunt
401 1770 505 1853 atque
527 1765 606 1832 illos
629 1765 773 1852 respicit
794 1763 906 1831 Plato.
952 1764 1013 1830 Sin
1042 1765 1207 1831 virtutem
1236 1787 1291 1832 vc·

144 1871 257 1938 nando
280 1869 522 1959 adquirendam
545 1892 619 1936 esse
637 1873 760 1949 monet,
783 1869 1125 1937 Lacedaemoniorum
1141 1868 1290 1936 studium

144 1975 293 2042 venandi
315 1976 346 2042 ei
368 1975 403 2040 in
433 1974 543 2041 animo
573 1974 712 2041 videtur
741 1973 856 2053 fuisse,
887 1975 977 2061 quod
1006 1974 1144 2042 Platoni
1173 1978 1291 2042 notum

144 2080 252 2148 fuisse
276 2103 429 2148 sermone
451 2081 543 2146 inter
566 2078 809 2146 Atheniensem
832 2083 868 2144 et
891 2078 1193 2146 Lacedaemonium
1215 2079 1290 2146 hos·

143 2185 251 2273 pitem
283 2185 319 2251 in
348 2184 457 2273 primo
488 2186 618 2270 Legum
649 2183 738 2250 libro
771 2182 1036 2269 ostenditur202).
1083 2185 1209 2252 Tamen
1239 2186 1289 2250 in-

143 2290 283 2358 tellexit
304 2289 355 2356 Pl.
378 2289 507 2376 ingenii
528 2289 713 2356 facultates
736 2288 839 2355 nimia
862 2288 1014 2376 corporis
1038 2289 1161 2356 virium
1194 2313 1289 2357 exer·
1397 2340 1400 2346 .

144 2396 308 2464 citatione
330 2394 466 2482 neglegi
487 2417 596 2482 neque
617 2394 680 2462 hoc
701 2394 906 2482 probat²⁰³):
939 2406 1072 2479 πρῶτον
1101 2394 1163 2479 μὲν
1193 2391 1288 2462 εἷπον

145 2505 329 2588 φιλοπονίᾳ
351 2501 392 2567 οὐ
414 2503 523 2586 χωλὸν
547 2502 597 2565 δεῖ
620 2498 706 2566 εἶναι
729 2539 771 2546 -
793 2539 837 2546 -
858 2501 938 2565 ὅταν
953 2525 1002 2577 τις
1018 2503 1290 2586 φιλογυμναστὴς

145 2606 207 2693 μὲν
229 2606 284 2673 καὶ
308 2610 496 2692 φιλόθηρος
518 2599 538 2693 ᾖ
561 2644 603 2653 -
625 2643 668 2654 -
692 2608 884 2690 φιλομαθὴς
906 2605 943 2672 δὲ
965 2611 1010 2691 μή
1032 2644 1075 2653 ——
1097 2645 1149 2672 ——.

232 2711 419 2793 Postremo,
449 2734 524 2778 cum
546 2710 587 2777 de
610 2710 658 2778 eis
681 2710 834 2798 loquitur
857 2710 915 2799 qui
937 2715 1040 2778 noctu
1068 2716 1130 2779 ant
1157 2710 1288 2798 laqueis

144 2821 321 2900 venentur,
347 2816 487 2903 respicit
510 2839 566 2882 eos
589 2816 647 2903 qui
670 2821 828 2904 quaestus
851 2839 951 2884 causa
974 2816 1066 2882 feras
1083 2818 1192 2903 pisces
1209 2839 1288 2884 aves

146 2920 293 3009 capiant.
330 2921 404 2988 Hac
426 2944 463 2988 rc
486 2921 737 2987 transducimur
761 2920 804 2987 ad
818 2921 1054 2988 Aristotelem.
1093 2921 1160 3003 Qui
1181 2926 1291 3006 θήρας

142 3025 253 3093 multa
266 3048 394 3113 genera
408 3026 584 3108 discernit,
601 3048 628 3091 e.
643 3049 674 3112 g.
691 3025 914 3108 latrociniam,
938 3026 1166 3113 piscatoriam,
1190 3048 1289 3093 aucu-

144 3131 247 3219 pium,
278 3135 438 3199 venatum
461 3131 599 3219 proprie
622 3130 821 3217 dicturum).
867 3132 937 3196 Ars
968 3153 1049 3217 ergo
1079 3131 1235 3199 venatica
1258 3132 1290 3199 ci

148 3239 203 3303 est
224 3238 358 3320 κτητικὴ
382 3236 554 3323 (ἐργασία),
583 3241 625 3302 ut
647 3235 714 3302 alio
738 3236 811 3303 loco
835 3235 918 3302 dicit
928 3235 991 3321 ²⁰⁵),
1024 3260 1088 3324 quo
1111 3236 1290 3303 Platonem

145 3341 310 3429 sequitur.
355 3341 420 3408 Ille
442 3341 479 3406 in
501 3340 720 3426 Politico²⁰⁰),
751 3343 810 3407 ubi
840 3343 900 3426 τὴν
930 3352 987 3426 τῆς
1016 3352 1143 3426 τροφῆς
1173 3352 1289 3427 κτῆσιν

145 3445 308 3512 describit
329 3445 426 3513 iuxta
449 3446 600 3512 nominat
623 3449 808 3530 γεωργικὴν
830 3445 884 3511 καὶ
907 3450 1121 3530 &pecuniola
1166 3446 1288 3512 Hicin

143 3550 338 3617 memoriam
353 3555 406 3618 est
420 3551 655 3633 revocandum,
679 3551 768 3638 quod
784 3551 943 3637 saprade
959 3550 1096 3616 canibus
1112 3554 1289 3637 pastorum

142 3654 178 3719 in
200 3654 355 3723 Platonis
386 3655 557 3742 exemplis,
587 3656 644 3743 qui
674 3660 709 3722 et
738 3654 932 3723 custodiant
961 3659 998 3723 et
1027 3661 1203 3739 venentur,
1234 3659 1288 3723 est

143 3759 281 3826 dictum.
325 3760 535 3828 Aristoteles
559 3764 673 3829 autem
694 3765 875 3848 praeterea
897 3760 994 3827 addit
1005 3759 1071 3846 ²⁰l):
1101 3763 1167 3827 Διὸ
1190 3760 1244 3826 καὶ
1266 3763 1285 3846 ἡ

236 3960 296 4030 199)
317 3960 345 4012 C.
356 3959 455 4025 Ritter,
466 3959 560 4013 Platos
571 3959 686 4013 Gesetze
696 3959 874 4026 Darstcllung
885 3976 910 4026 p.
919 3962 953 4012 72
963 3974 1033 4012 anm.
1044 3965 1072 4014 et
1082 3960 1185 4014 Komm.
1194 3962 1287 4027 p.250.

234 4051 298 4117 200)
317 4048 400 4117 Legg.
423 4051 483 4103 763.
642 4050 706 4114 201)
725 4049 808 4116 Legg.
829 4052 883 4102 824
893 4065 933 4117 sq.

233 4140 297 4206 202)
316 4138 400 4207 Legg.
420 4142 480 4193 633.
640 4140 704 4206 203)
723 4138 766 4191 De
785 4138 852 4206 Rep.
873 4141 924 4192 535
933 4136 959 4192 d.

235 4229 299 4295 204)
318 4229 405 4284 Arist.
424 4231 492 4282 Πολ.
512 4228 560 4295 Ι,3
580 4232 628 4294 (8).
786 4231 850 4296 205)
869 4227 901 4280 V.
916 4227 932 4280 i.
953 4230 1005 4282 207
1026 4226 1087 4280 adn.

232 4318 296 4387 206)
315 4317 438 4372 Platonis
457 4317 566 4373 Politici
584 4320 644 4371 289.
789 4317 855 4386 207)
875 4318 958 4371 Arist.
979 4317 1092 4371 Rhetor.
1112 4316 1188 4383 1,11.
