2880 4734
748 195 791 260 54

199 391 358 458 gemmae,
383 370 418 435 in
441 370 561 456 quibus
583 369 712 436 nobiles
736 369 860 436 Persae
882 370 918 435 in
941 363 1025 457 equo
1050 370 1205 438 sedentes
1222 373 1346 458 petunt

198 476 327 543 leonem
351 496 471 562 aprum
494 497 628 542 cervum
652 473 843 557 ibicem²³¹).

287 580 336 647 Ut
353 579 502 648 studium
517 579 663 646 venandi
679 580 885 648 Graecorum
901 580 936 646 in
950 581 1037 648 Asia
1058 581 1253 648 colonorum
1269 579 1348 646 illu-

200 690 333 753 stretur
344 686 457 772 placet
470 685 609 752 laudare
620 708 723 751 unum
735 707 777 751 ex
793 685 1017 775 sarcophagis,
1034 708 1119 774 quae
1135 686 1349 754 Clazomenis

199 791 340 858 inventa
364 788 518 874 sunt²³²),
542 791 577 856 in
600 813 664 878 quo
689 791 816 857 artifex
831 813 975 878 orygum
991 792 1204 858 venationem
1221 791 1349 878 optime

200 897 370 983 expressit
380 894 443 978 283).
482 895 545 962 His
569 918 642 962 oum
659 899 941 983 sarcophagorum
955 895 1157 983 imaginibus
1173 905 1351 982 comparat

200 1000 400 1085 Pottier²⁸⁴)
424 1023 491 1082 eas,
515 1002 659 1088 quaein
683 1000 838 1084 vasculis,
863 1023 949 1089 quae
971 1000 1129 1068 dicuntur
1145 1001 1350 1083 Caeretana,

201 1106 464 1194 conspiciuntur.
511 1106 736 1173 Consentiunt
759 1107 846 1173 enim
869 1107 954 1172 mira
983 1106 1126 1194 quadam
1155 1106 1351 1193 compositi·

201 1212 274 1278 onis
305 1211 476 1278 libertate.
523 1211 730 1299 Quamquam
763 1212 873 1278 omnia
904 1213 977 1278 fere
1007 1211 1069 1278 illa
1098 1211 1239 1279 vascula
1269 1214 1353 1278 sunt

201 1316 324 1383 effossa
347 1315 512 1398 initalia,
537 1320 651 1383 tamen
666 1339 841 1383 cervorum
857 1316 1084 1404 palmatorum
1099 1317 1351 1398 venationibus,

201 1422 323 1507 quibus
346 1421 408 1488 illa
431 1424 554 1488 ornata
577 1424 666 1503 sunt,
691 1425 858 1509 probatur
881 1444 921 1488 ea
943 1422 1080 1488 vascula
1103 1443 1208 1508 prope
1231 1421 1353 1487 Asiam

202 1548 276 1593 esse
300 1524 453 1612 nata²³⁵).
501 1525 670 1614 Imprimis
700 1526 764 1592 huo
795 1531 951 1615 spectant
980 1529 1144 1614 quattuor
1173 1525 1352 1613 imagines.

202 1630 244 1696 In
257 1630 386 1698 duabus
400 1653 574 1698 cervorum
589 1632 800 1699 venationem
814 1632 1033 1721 conspicimus
1050 1630 1277 1718 palmatorum
1287 1628 1352 1716 ²³⁶),

203 1735 239 1801 in
261 1736 400 1823 reliquis
423 1738 498 1823 apri
507 1735 570 1820 281).
607 1736 713 1803 Aliud
736 1738 922 1824 exemplum
946 1737 1052 1804 studii
1074 1735 1221 1802 venandi
1235 1758 1353 1804 eorum

203 1839 382 1921 hominum,
412 1842 470 1928 qui
493 1841 675 1908 orientales
699 1864 777 1909 oras
801 1842 903 1910 maris
927 1841 1017 1929 quod
1038 1864 1126 1907 nunc
1147 1839 1353 1909 Mediterra-

203 1968 301 2011 neum
312 1946 507 2012 nominatur
526 1945 738 2028 habitabant,
755 1947 933 2014 exhibetur
949 1945 1156 2034 sarcophago
1171 1945 1352 2012 mulierum

203 2049 393 2136 lugentium
403 2050 465 2136 238).
513 2052 667 2139 Regulus
703 2053 791 2118 enim
824 2051 883 2118 ille
917 2051 1088 2138 Syriacus,
1123 2051 1181 2139 qui
1214 2049 1354 2118 videtur

203 2154 309 2221 fuisse
333 2155 477 2223 Straton
498 2157 526 2222 Ι.
551 2179 614 2223 rex
630 2157 852 2240 Sidoniorum,
875 2180 943 2223 non
966 2156 1074 2223 solum
1095 2158 1138 2223 ab
1161 2154 1298 2223 artifice
1317 2155 1355 2220 in

203 2260 315 2328 latere
339 2261 539 2349 sarcophagi
569 2284 695 2329 venans
725 2263 823 2330 fictus
855 2266 918 2343 est,
949 2262 1008 2329 sed
1037 2262 1141 2329 etiam
1169 2263 1354 2348 tantopere

204 2367 380 2434 venationi
402 2368 544 2447 studuit,
575 2372 615 2434 ut
639 2369 670 2434 ei
691 2372 826 2434 mortuo
850 2389 927 2434 ossa
951 2371 1081 2454 septem
1102 2387 1222 2433 canum
1252 2387 1353 2432 vena·

204 2471 348 2538 ticorum
371 2472 587 2539 adderentur.

292 2577 482 2644 Redeamus
506 2578 549 2644 ad
573 2578 779 2646 Macedones.
816 2579 942 2660 Rebus,
966 2599 1049 2664 quas
1072 2577 1241 2665 praemisi,
1266 2599 1354 2644 com·

206 2684 314 2770 pertis
338 2683 404 2749 iam
426 2706 494 2749 non
517 2684 687 2768 miramur,
712 2685 800 2773 quod
823 2684 1021 2752 Alexander
1045 2683 1197 2771 Magnus,
1221 2706 1298 2751 cum
1319 2682 1356 2748 in

205 2789 283 2856 illas
308 2789 463 2876 regiones
488 2789 679 2871 invasisset,
703 2791 738 2856 in
761 2791 880 2878 quibus
897 2791 1093 2873 παράδεισοι
1109 2811 1227 2876 regum
1245 2787 1356 2855 orien-

205 2895 328 2961 talium
350 2900 457 2974 erant,
490 2917 615 2961 summo
646 2918 720 2962 cum
748 2894 872 2982 gaudio
903 2893 1177 2962 consuetudinem
1207 2892 1357 2961 venandi

208 3001 280 3066 sive
303 3025 345 3067 ex
367 3001 517 3087 antiquis
542 3001 756 3067 Macedoniae
780 3000 988 3088 temporibus
1012 3007 1185 3067 servatam
1207 2998 1283 3065 sive
1314 3022 1357 3066 ex

207 3105 339 3171 oriente
362 3110 531 3193 receptam
555 3105 603 3171 ibi
618 3104 734 3172 coluit.
770 3106 859 3188 Quin
875 3106 977 3173 etiam
992 3127 1113 3172 nomen
1128 3103 1219 3171 oanis
1234 3103 1356 3187 Indici,

206 3231 304 3296 quem
321 3209 518 3276 Alexander
531 3210 595 3276 sibi
606 3210 650 3277 ad
661 3211 774 3277 leones
788 3209 957 3277 venandos
970 3209 1084 3277 decem
1097 3209 1196 3275 minis
1213 3211 1356 3291 emerat,

207 3315 373 3382 traditum
388 3325 441 3382 est
454 3315 639 3402 ΙΙεριτ(τ)ᾶς
650 3314 712 3400 ²³⁹).
744 3317 796 3382 De
808 3315 1012 3382 fortitudine
1027 3337 1147 3383 canum
1159 3313 1357 3381 Indicorum

298 3496 361 3561 231)
381 3493 483 3546 Furtw.
503 3493 531 3545 in
551 3493 668 3546 Gemmis
688 3493 743 3546 tab.
764 3493 900 3560 x1,1-5‚
920 3495 936 3545 8
957 3492 1082 3559 X11,8s9,
1103 3495 1144 3558 10,
1166 3493 1207 3558 12,
1229 3495 1270 3544 14.

297 3585 361 3651 232)
380 3583 482 3636 Joubin
502 3581 536 3635 de
556 3599 625 3636 saro.
646 3582 727 3650 Clau,
747 3581 834 3635 Paris.
855 3579 920 3634 dias.
943 3584 1018 3635 1901.

299 3674 363 3740 233)
382 3690 416 3726 no
438 3676 485 3725 22:
506 3673 547 3724 vir
566 3672 629 3738 biga
648 3678 741 3725 vectus
755 3670 847 3737 equite
859 3671 1007 3723 comitante
1019 3683 1116 3739 oryges
1131 3669 1265 3736 sequitur,
1284 3671 1359 3726 inter

209 3764 292 3833 pedes
312 3779 442 3830 equorum
462 3764 537 3817 canis
557 3762 687 3816 decurrit.

300 3857 364 3922 234)
385 3854 498 3918 Pottier,
518 3852 588 3905 Bull.
609 3868 678 3906 corr.
699 3851 762 3905 hell.
785 3854 852 3905 1392
871 3868 897 3919 p.
918 3852 1035 3916 240sqq.

299 3945 363 4010 235)
383 3942 418 3996 cf.
440 3943 541 4009 Keller,
561 3942 642 3995 Tiere
662 3941 685 3994 d.
707 3942 743 3994 kl.
763 3942 818 3994 Alt.
839 3958 864 4008 p.
886 3943 986 4006 73sqq.

300 4037 364 4101 236)
382 4025 1356 4100 ΒιιΙΙ,εοη.3911.ΧνΙ(1892)ρ.259333111131131181.1359111111.

301 4127 365 4191 237)
384 4123 458 4175 Μοη.
485 4120 510 4174 d.
538 4121 604 4173 Inst.
624 4121 697 4188 VIII,
711 4125 742 4172 17
770 4127 797 4173 et
823 4119 924 4184 111122
952 4117 1135 4185 (venationem
1160 4114 1359 4188 calydoniam).

301 4216 365 4281 238)
385 4211 559 4276 Studniozka‚
585 4211 678 4263 Revue
699 4209 823 4262 Archeol.
852 4210 919 4262 1905
946 4210 1010 4277 (ser.
1036 4207 1081 4272 lV,
1101 4212 1164 4260 tom.
1185 4208 1214 4275 6)
1232 4221 1295 4276 pag.
1315 4211 1358 4262 47.

301 4304 365 4372 239)
384 4302 456 4356 Plut.
476 4301 553 4354 Alex.
573 4302 623 4367 613
641 4299 745 4352 Polluc.
766 4315 809 4351 on.
830 4297 861 4364 V,
872 4300 915 4350 41.
