2880 4734
644 213 750 292 '29

238 400 343 467 Plura
374 399 416 467 do
447 399 499 467 his
532 399 669 467 vocibus
702 408 815 487 θηρᾶν
847 403 1008 486 θηρεύειν
1043 401 1114 469 sim.
1143 401 1298 469 dicentur

152 528 217 590 quo
240 505 314 573 loco
337 505 379 572 de
400 505 520 572 iisdem
542 506 655 573 verbis
672 505 762 594 apud
778 509 929 573 oratores
946 511 1079 593 agetur,
1102 530 1190 574 nunc
1205 506 1299 574 aliud

149 610 233 676 mihi
248 610 341 677 cordi
357 613 419 677 est.
464 610 608 678 Praeter
628 610 690 678 hos
715 610 904 696 singulares
928 611 1016 678 enim
1037 612 1129 679 locos
1147 612 1297 678 animad-

150 715 317 782 vertimus
341 717 444 784 certis
465 715 501 782 in
516 715 640 783 fabulis
657 717 821 784 terminos
837 717 1018 802 technicos,
1041 717 1295 799 translationes,

152 820 314 908 exempla,
339 821 470 904 similia,
495 843 581 909 quae
604 845 675 889 rem
698 821 888 889 venaticam
909 825 1068 909 tangunt,
1092 823 1178 890 miro
1198 821 1296 889 modo

150 926 356 993 accumulari
378 930 414 994 et
436 927 527 994 inter
551 949 585 993 se
609 949 681 994 csse
705 927 808 993 variis
841 926 1064 994 relationibus
1089 927 1294 995 coniunctas.

149 1031 275 1119 Itaque
307 1031 389 1098 mihi
421 1030 525 1100 liceat
558 1032 669 1099 acrius
702 1032 737 1098 in
771 1033 934 1098 officinam
966 1031 1063 1120 quasi
1094 1036 1130 1100 et
1159 1055 1296 1120 operam

151 1140 330 1222 poetarum
360 1137 569 1223 tragicorum
599 1136 782 1223 inquirere.
827 1136 902 1204 Hoc
933 1161 1000 1204 non
1032 1137 1139 1204 solum
1169 1137 1295 1226 Apollo

153 1244 189 1307 et
210 1240 323 1308 Diana
344 1241 492 1309 venatici
515 1241 570 1308 dei
592 1241 650 1329 qui
672 1242 844 1309 interdum
873 1242 909 1308 in
930 1242 1055 1309 fabulis
1078 1247 1194 1330 partes
1218 1266 1296 1318 suas

151 1349 260 1431 agunt
275 1347 469 1430 effecerunt,
495 1347 554 1413 sed
573 1347 745 1434 imprimis.
758 1347 835 1429 alia,
860 1369 946 1435 quae
968 1351 1088 1436 postea
1111 1348 1244 1436 quidem
1260 1350 1296 1415 in

149 1453 374 1519 monumentis
398 1475 529 1540 quoquo
558 1453 690 1519 usitata
713 1456 776 1535 ost,
807 1452 955 1539 cognitio
979 1475 1093 1519 eorum
1114 1454 1295 1536 numinum,

151 1578 236 1643 quae
267 1556 432 1625 insaniam
455 1557 642 1624 hominibus
674 1557 855 1624 adducunt.
893 1559 991 1643 ’Άαην
1016 1558 1111 1639 enim,
1145 1560 1294 1642 Λύσσαν,

150 1661 236 1728 alias
261 1684 345 1750 quae
368 1661 413 1729 ad
435 1662 586 1728 furorem
599 1662 655 1729 vel
678 1661 880 1729 dementiam
902 1662 1049 1729 incitant
1071 1663 1150 1729 deas
1174 1669 1294 1750 politae

149 1766 274 1853 tragici
296 1791 357 1855 pro
381 1768 609 1834 senatricibus
633 1766 766 1834 habent.
813 1768 922 1850 Quam
937 1767 1125 1856 opinionem
1139 1767 1296 1855 Aeschy-

148 1871 203 1938 lus
239 1873 388 1939 affirmat
423 1873 459 1938 in
496 1871 698 1939 Prometheo
713 1873 766 1957 129)
803 1871 886 1958 μηδὲ
924 1875 1008 1956 πρὸς
1035 1873 1134 1958 Ἄτης
1167 1873 1294 1960 (potius

148 1977 333 2044 maiuscula
345 1976 520 2043 scribimus
529 1999 593 2064 pro
606 1979 685 2062 ἄτης
696 1977 894 2063 editionum)
907 1985 1106 2061 θηραθεῖσαι
1122 1977 1293 2062 με’μύεσθε

147 2082 263 2167 τύχην.
318 2080 418 2149 Tales
455 2103 576 2148 saevae
611 2083 800 2149 venatrices
834 2082 984 2149 homines
1018 2082 1225 2170 compellunt
1258 2083 1295 2149 in

147 2185 339 2275 perniciem,
363 2187 457 2253 cuius
480 2186 613 2272 signum
635 2191 688 2254 est
709 2191 783 2253 rete
805 2186 1017 2254 venatorium
1033 2186 1163 2255 Graece
1180 2190 1292 2270 ἄρκυς.

147 2291 212 2376 (De
245 2289 379 2358 ratione
415 2313 501 2378 quae
530 2292 676 2359 interest
709 2291 801 2358 inter
835 2293 955 2358 Furias
991 2296 1026 2358 et
1060 2291 1183 2358 Mortis
1219 2301 1294 2360 rete

148 2395 361 2463 senatorium
378 2396 471 2463 infra
486 2396 742 2484 disputabitur.)
780 2397 904 2483 ltaque
918 2396 1100 2484 Euripides
1114 2396 1166 2480 130)
1184 2397 1294 2465 dicere

63 2552 74 2562 .
147 2500 251 2568 audet
284 2501 379 2588 (voce
412 2524 592 2589 puerorum
620 2501 656 2566 in
686 2501 804 2568 fabula
833 2500 982 2587 Medea):
1018 2503 1063 2579 ὡς
1097 2503 1196 2587 ἐγγὺς
1228 2505 1293 2587 ἤδη

146 2603 278 2690 glasto
311 2606 444 2690 ἀρκύων
480 2609 608 2692 ξίφους,
644 2606 679 2672 id
709 2607 799 2693 quod
834 2606 969 2673 scholiis
998 2607 1045 2674 sic
1082 2607 1291 2694 explicatur:

147 2711 306 2794 ἀρκύων·
336 2722 396 2778 τοῦ
419 2712 571 2797 ἀφύκτου
593 2713 753 2777 θανάτου.
797 2711 850 2778 De
874 2711 990 2778 eodem
1017 2734 1120 2779 versu
1150 2713 1294 2780 adnotat

147 2815 190 2881 de
212 2815 441 2884 Wilamowitz
464 2818 501 2882 in
523 2840 638 2884 comm.
661 2816 845 2902 Herc.¹³¹):

237 2940 336 3023 ,Man
360 2940 425 3007 soll
448 2940 561 3007 solche
583 2940 875 3026 Vermischungen
897 2939 992 3006 nicht
1014 2939 1113 3005 lobon
1146 2940 1214 3006 und
1234 2943 1292 3007 tut

150 3047 243 3132 ,gut
278 3044 348 3112 sich
370 3045 478 3113 selbst
500 3045 596 3112 ihrer
619 3069 660 3110 zu
684 3044 870 3112 euthalten.
894 3043 1009 3110 —Ob
1033 3044 1213 3131 Euripides
1238 3048 1292 3112 be-

150 3149 265 3233 ,wusst
295 3150 332 3216 in
363 3150 479 3217 diesen
510 3150 630 3217 Fallen
663 3149 718 3216 ein
740 3149 819 3215 Bild
850 3149 1073 3216 missbraucht
1092 3149 1164 3232 hat,
1197 3148 1292 3216 steht

151 3253 282 3337 ,dahin
326 3255 421 3322 Aber
443 3278 478 3322 es
500 3254 615 3321 fehlen
637 3253 731 3320 nicht
753 3254 931 3342 Beispiele,
965 3277 1016 3320 wo
1039 3277 1105 3319 nur
1126 3253 1162 3318 in
1184 3253 1291 3320 einem

149 3359 262 3446 ,Zuge
293 3359 348 3426 ein
370 3359 449 3426 Bild
483 3359 691 3446 angadeutet
723 3359 780 3443 ist,
815 3360 895 3427 weil
927 3359 985 3424 fiir
1018 3359 1092 3443 den,
1127 3359 1202 3426 dem
1236 3358 1291 3427 die

150 3462 319 3551 ,Sprache
341 3463 498 3550 lebendig
520 3464 577 3548 ist,
600 3465 696 3532 nicht
717 3464 811 3530 mehr
834 3487 900 3530 von
922 3463 1035 3530 then
1056 3464 1135 3531 istf‘

237 3585 275 3654 Si
300 3587 556 3675 explicationem
580 3610 681 3674 supra
701 3586 921 3675 praemissam
943 3587 1175 3672 receperimus,
1204 3587 1292 3655 hanc

146 3711 262 3758 vocem
277 3714 344 3758 non
357 3692 424 3759 iam
441 3691 643 3779 ,cigentlich
659 3692 897 3777 widersinnig“
912 3691 971 3777 (W
971 3691 1021 3774 il.)
1036 3691 1289 3778 nominabimus,

148 3795 209 3862 sed
229 3795 361 3883 tragico
385 3797 528 3865 sermoni
550 3819 648 3884 quam
665 3797 808 3864 maxime
822 3797 913 3863 elato
930 3796 1126 3864 tribuemus.
1162 3796 1290 3864 Eodem

146 3900 245 3968 modo
267 3900 439 3970 Pentheus
471 3902 596 3969 irridet
626 3902 793 3969 Bacchum
823 3905 903 3969 ante
935 3924 970 3968 se
1002 3902 1139 3969 ductum
1153 3901 1223 3987 ¹³²):
1254 3903 1291 3969 ἐν

147 4007 290 4089 ἄρκυσιν
312 4009 375 4092 γὰρ
399 4007 447 4072 ὢν
470 4009 531 4074 οὐκ
553 4010 644 4073 ἔστιν
667 4008 773 4085 οὕτως
789 4009 876 4085 ὠκὺς
890 4010 972 4073 ὥστε
995 4007 1199 4091 μ’ἐκφυγεῖν,
1222 4006 1244 4072 i.
1262 4030 1290 4076 e.

238 4219 299 4286 129)
318 4220 407 4274 Prom.
433 4222 509 4274 1072.
636 4221 698 4288 130)
717 4217 815 4273 Medea
843 4222 919 4273 1278.
1058 4221 1120 4286 131)
1139 4218 1203 4272 Wil.
1224 4218 1290 4273 Eur.

144 4306 226 4363 Herc.
248 4308 293 4377 ¹11,
312 4325 338 4377 p.
360 4311 418 4363 187.
539 4310 600 4377 132)
619 4310 718 4363 Bacch.
740 4312 800 4362 451.
