2880 4734
684 237 727 302 25

133 410 353 478 Atheniensis
385 410 534 476 fructum
568 432 727 496 agrorum
758 413 878 476 contra
908 414 1002 475 ieras
1026 412 1062 474 et
1094 408 1278 476 domestica

133 538 195 583 sua
228 515 388 582 animalia
425 519 546 582 contra
583 515 718 600 vulpem
756 513 950 581 defenderit
983 518 1044 580 aut
1078 513 1141 579 sibi
1175 513 1278 580 vilem

132 621 242 689 cibum
273 621 390 708 lepore
417 620 509 687 forte
540 620 680 687 fortuna
711 624 831 687 necato
863 618 1184 706 comparaverit¹¹³),
1217 619 1280 686 hoc

132 725 234 793 valde
265 725 374 793 distat
396 748 417 792 a
439 723 544 790 nobili
575 724 635 790 illo
666 723 745 790 lusu
767 723 945 790 Homerico
969 723 1042 790 sive
1063 722 1124 790 illo
1147 723 1278 792 invete-

132 835 212 898 rato
235 853 298 897 usu
320 830 494 897 Laconico.
540 828 711 910 Quantam
733 829 842 915 igitur
865 828 997 895 omnino
1018 851 1132 895 rerum
1147 829 1278 896 venati·
1381 852 1383 857 ·

133 958 249 1002 carum
272 935 448 1002 scientiam
463 934 730 1001 Atheniensibus
754 933 936 1001 concedere
959 932 1148 1015 debeamus,
1172 933 1277 1021 scrip·

132 1046 339 1108 toresnunc
361 1039 513 1107 doceant.
559 1039 724 1122 Quoniam
748 1061 852 1127 supra
867 1038 908 1105 de
923 1039 1147 1106 monumentis
1166 1043 1277 1106 aetum

133 1150 198 1229 est,
220 1169 309 1212 nunc
329 1145 411 1211 mihi
435 1145 609 1233 expolitis
633 1145 787 1231 (tragicis
812 1149 848 1211 et
871 1143 1027 1230 comicis),
1057 1143 1277 1233 philosophis,

134 1251 327 1318 oratoribus
352 1273 392 1317 ea
414 1272 500 1338 quae
520 1255 674 1317 nostram
705 1273 776 1317 rem
798 1254 946 1336 tangunt
978 1271 1161 1337 excerpere
1191 1249 1279 1317 utile

133 1356 244 1423 visum
266 1360 329 1438 est,
353 1360 392 1422 ut
415 1355 535 1422 deinde
558 1378 630 1422 rem
653 1356 761 1422 denuo
783 1355 893 1443 ipsam
915 1358 1113 1421 tractarem.

220 1461 262 1527 In
286 1461 510 1549 scriptoribus
527 1466 608 1529 sunt
629 1461 811 1549 praecipue
833 1459 959 1546 tragici
981 1464 1111 1547 potitae,
1136 1483 1280 1548 quorum

133 1588 245 1633 sermo
275 1566 361 1634 satis
392 1567 518 1634 multas
550 1589 648 1634 voces
680 1566 863 1648 venaticas,
899 1565 1063 1633 terminos
1097 1565 1278 1648 technieos,

132 1671 185 1737 rei
200 1670 306 1759 ipsius
321 1672 546 1750 narrationes,
564 1670 724 1759 exempla,
748 1671 886 1758 figuras,
911 1671 1100 1760 similiaque
1116 1670 1277 1738 eontinet.

134 1775 260 1842 Comici
293 1775 334 1842 de
369 1775 443 1843 vita
477 1776 648 1842 cotidiana
678 1775 900 1842 consulantur
937 1799 1004 1842 non
1036 1777 1146 1842 minus
1179 1797 1278 1863 quam

133 1879 357 1969 philosophici
381 1880 576 1968 scriptores.
611 1880 729 1947 Finem
751 1881 879 1948 facient
902 1886 1069 1949 oratores.

478 2095 538 2162 De
562 2096 753 2182 tragicis
776 2097 933 2185 po'e‘tis.

220 2247 369 2314 Primam
391 2252 525 2335 partem
551 2247 699 2314 habeant
721 2247 752 2314 ei
775 2247 850 2329 loci,
883 2248 1002 2335 quibus
1025 2271 1080 2316 res
1103 2250 1178 2337 ipsa
1200 2274 1278 2318 nar-

133 2357 243 2433 ratur,
276 2352 371 2419 velut
395 2352 431 2418 in
454 2351 617 2440 Euripide
641 2352 909 2438 Theoclymenus
940 2354 1012 2419 exit
1034 2354 1134 2419 κυσὶν
1166 2379 1278 2423 πεποι-

133 2461 207 2535 θὼς
229 2458 265 2523 ἐν
281 2470 403 2542 φοναῖς
424 2461 656 2541 θηροκτόνοις,
680 2456 800 2524 deinde
823 2457 954 2523 domum
977 2481 1137 2526 reversus
1162 2484 1277 2529 servos

133 2564 229 2630 iubet
251 2565 354 2640 κύνας
376 2586 409 2627 τε
433 2560 487 2627 καὶ
511 2569 630 2647 θηρῶν
660 2566 803 2647 βρόχους
836 2564 897 2628 sub
924 2566 1019 2630 tecta
1041 2565 1202 2632 reducere
1215 2566 1278 2653 l¹¹).

136 2665 386 2755 Quamquam)
415 2669 520 2751 σκηνὴ
554 2677 614 2733 τοῦ
650 2667 816 2750 δράματος
849 2679 953 2733 κεῖται
987 2668 1023 2733 ἐν
1045 2680 1085 2756 τῇ
1109 2673 1280 2760 Αἰγύπτῳ,

134 2777 248 2840 tamen
271 2776 373 2859 potita
394 2771 460 2838 nisi
483 2772 588 2837 fallor
611 2794 666 2838 res
690 2772 864 2838 venaticas
889 2773 1038 2841 Graecas
1062 2780 1142 2842 ante
1166 2777 1278 2844 oeulos

135 2876 254 2943 habuit
285 2876 336 2942 ita
366 2880 406 2943 ut
437 2875 527 2943 retia
554 2876 729 2964 Euripidis
760 2881 875 2943 aetate
898 2877 1163 2946 Atheniensibus
1196 2885 1279 2948 nota

136 3004 210 3049 esse
243 2985 425 3070 appareat;
461 2982 649 3069 quaeritur,
685 3005 763 3047 num
795 3004 910 3048 eorum
941 3006 1022 3050 usus
1051 2971 1211 3073 frequens
1245 2992 1280 3055 et

137 3086 257 3154 solitus
275 3086 420 3154 Athenis
439 3087 556 3154 fuerit.
602 3087 644 3152 ln
658 3087 833 3173 Euripidis
848 3087 1040 3175 Hippolyto
1054 3089 1106 3175 115)
1124 3090 1280 3159 Phaedra

135 3191 230 3279 cupit
252 3191 288 3257 in
316 3194 446 3258 montes
478 3213 552 3257 cum
574 3193 711 3258 canibus
745 3193 838 3258 exire
861 3192 905 3258 ad
927 3215 1045 3260 cervos
1075 3195 1279 3263 iaculandos

135 3295 318 3383 Euripides
348 3295 480 3382 quidem
503 3286 730 3384 Hippolytum
761 3298 897 3385 scripsit
926 3320 964 3363 eo
996 3299 1134 3366 consilio
1162 3304 1201 3366 ut
1224 3325 1279 3369 ne·

134 3400 261 3468 larium
283 3421 448 3467 novercae
471 3423 617 3469 amorem
641 3402 847 3481 ostenderet,
872 3424 939 3467 non
963 3406 1002 3468 ut
1024 3408 1221 3471 venatorem
1245 3406 1281 3473 in

137 3504 242 3572 silvas
275 3505 501 3592 refugientem
537 3506 685 3573 homines
716 3506 885 3582 laudaret,
922 3506 982 3572 scd
1014 3506 1076 3574 hac
1108 3510 1280 3577 occasione

136 3610 219 3676 data
241 3610 403 3677 nonnulla
427 3610 468 3676 de
492 3609 544 3677 his
569 3612 788 3678 venatoribus
812 3611 1034 3698 explicentur.
1080 3613 1121 3678 In
1143 3614 1280 3683 Aristo·

136 3713 257 3802 phanis
281 3715 423 3802 quadam
446 3715 616 3782 comoedia
638 3715 829 3802 Hippolyto
856 3717 1041 3803 respondet
1064 3719 1189 3806 optime
1212 3719 1280 3787 Me-

136 3818 251 3886 lanion
273 3819 332 3885 ille
356 3819 471 3906 quiin
494 3821 711 3887 solitudinem
734 3820 907 3908 profectus
939 3821 975 3887 in
998 3823 1166 3889 montibus
1190 3823 1286 3890 habi-¹

137 3925 240 3989 tabat
263 3923 343 3989 olim
368 3923 443 3990 odio
465 3925 642 3990 mulierum
672 3929 854 3992 commotus
868 3924 931 4011 ¹¹⁶).
980 3925 1071 3993 Cane
1094 3931 1129 3993 et
1151 3928 1281 3996 retibus

140 4026 189 4093 ibi
222 4027 358 4121 lepores
395 4031 596 4096 venabatur.
655 4029 819 4117 Daphnis
858 4031 1035 4119 Cephalus,
1071 4032 1284 4119 Cyparissus,

136 4154 344 4165 ——.-..-.

230 4225 291 4293 113)
310 4222 344 4277 cf.
365 4223 504 4292 imagines.
608 4227 669 4295 114)
689 4227 755 4280 Eur.
775 4226 835 4280 Hel.
852 4229 928 4281 1169.
951 4231 1008 4282 154.
1118 4229 1180 4298 115)
1199 4228 1281 4297 Hipp

138 4312 198 4386 216.
313 4313 375 4382 116)
395 4312 510 4383 Lysistr.
531 4317 583 4368 785
593 4328 653 4381 sqq.
