2880 4734
578 135 586 148 ,
700 70 745 139 68

240 243 330 330 Quin
350 245 465 316 Varro
489 245 648 316 hocloco
670 245 820 315 studium
842 244 989 316 venandi
1011 246 1100 337 quod
1121 247 1192 317 illis
1214 251 1298 317 am-

150 351 289 438 poribus
311 352 507 441 vigesoebat
529 353 792 442 vituperaverit,
821 347 888 423 non
911 357 967 422 est
988 352 1134 422 dubium.
1170 355 1299 423 Etiam

150 457 305 525 mulieres
341 457 494 526 venando
528 456 710 526 indulsisse
743 458 937 546 fragmento
975 459 1118 548 quodam
1150 459 1300 528 indicari

148 563 305 633 videtur:
335 564 381 652 <si
409 586 477 632 non
506 564 603 634 malit
632 564 687 632 vir
717 565 864 634 viraoius
894 587 1033 634 uxorem
1059 565 1186 634 habere
1208 568 1298 636 Ata·

148 670 369 759 lantam>³⁰⁸).
1225 726 1228 730 .

240 779 406 847 Graecam
437 799 511 846 esse
540 775 623 846 talis
653 776 758 846 studii
782 777 953 865 originem,
983 800 1083 866 quam
1105 778 1301 867 opinionem

149 883 187 950 Ο.
200 883 317 952 Weise
333 882 494 951 refellere
509 887 662 968 conatur,
679 883 747 952 alio
761 883 928 951 Varronis
944 883 1139 972 fragmento
1154 891 1301 973 propter

150 989 317 1059 Graecam
339 989 504 1058 insertam
526 1012 641 1060 vocem
664 989 789 1079 optime
813 989 1067 1059 demonstratur
1081 989 1156 1076 ⁸⁰⁹):
1275 1044 1281 1050 .

367 1113 532 1204 lepuscnli
554 1113 708 1184 timentis
731 1115 794 1183 hoc
816 1113 1087 1205 quadrangulum

366 1221 462 1289 dedit
483 1220 595 1289 Diana
617 1224 693 1289 rete
714 1220 836 1307 nexile,
860 1224 995 1308 douvra,

364 1328 491 1396 viscum
514 1328 673 1417 fugarum
695 1327 884 1416 lineamque
907 1325 1107 1432 compedem.

236 1452 430 1540 Antequam
452 1451 586 1540 longius
609 1450 880 1541 progrediamur,
910 1449 1128 1521 devertamur
1150 1449 1195 1518 ad
1217 1472 1296 1540 pro-

147 1557 291 1627 vinciam
312 1557 521 1648 Hispaniam,
554 1580 640 1647 quae
672 1558 824 1647 quamvis
856 1556 913 1626 diu
941 1556 1119 1647 provincia
1139 1557 1296 1625 Romana

147 1665 195 1731 sit
216 1664 399 1748 nominata,
422 1668 602 1754 postquam
617 1652 956 1754 Carthaginiensibus
980 1666 1035 1732 est
1057 1665 1186 1752 erepta,
1212 1662 1295 1732 Cae·

147 1769 277 1839 saribus
311 1770 442 1837 demum
464 1770 626 1839 Romanis
648 1772 803 1859 parebat.
847 1769 915 1838 Per
938 1769 1004 1838 duo
1028 1768 1162 1838 saecula
1184 1790 1215 1837 a.
1233 1767 1294 1836 ch.

145 1901 178 1945 n.
202 1899 334 1966 semper
357 1876 431 1944 fere
454 1877 622 1945 exercitus
646 1877 791 1945 Romani
812 1877 848 1943 in
867 1877 1034 1967 Hispania
1055 1877 1293 1945 versabantur.

148 1983 231 2051 Cum
252 1981 430 2073 provincia
452 1981 536 2050 feris
559 1981 759 2067 abundaret,
783 1981 943 2052 videlicet
965 1981 1093 2050 milites
1116 1988 1300 2077 cervorum

145 2089 364 2179 leporumque
395 2111 497 2157 carne
519 2089 752 2172 vescebantur,
783 2089 1080 2178 quotienscumque
1109 2087 1294 2176 iniquitate

145 2195 210 2263 loci
233 2199 294 2264 aut
316 2194 446 2262 insidiis
469 2194 654 2262 incolarum
676 2198 863 2263 commeatu
884 2193 1212 2263 intercludebantur.

232 2300 305 2368 Iam
327 2324 410 2369 vero
433 2300 612 2390 Kiessling
634 2299 669 2367 in
699 2323 842 2369 excursu
870 2300 912 2368 de
934 2300 1117 2390 Hispanico
1146 2297 1299 2368 venandi·

146 2406 258 2474 studio
293 2405 381 2473 dixit
414 2406 584 2475 Romanos
617 2406 745 2476 milites
778 2407 814 2475 in
848 2406 1021 2476 obsidione
1053 2405 1148 2473 urbis
1177 2404 1294 2473 inter-

150 2512 260 2581 catiae
271 2510 323 2599 810)
346 2534 467 2600 aegros
490 2536 563 2581 esse
586 2513 696 2581 factos
720 2513 928 2582 exterarum
943 2535 1052 2598 carne,
1076 2512 1129 2581 oui
1145 2511 1295 2580 asssueti

145 2641 211 2686 non
244 2617 391 2687 fuissent
401 2617 464 2699 311).
510 2619 586 2705 Qua
620 2642 662 2687 ex
696 2642 734 2688 re
768 2619 933 2688 conclusit
965 2618 1127 2688 Romanis
1160 2616 1293 2687 civibus

144 2724 249 2793 fuisse
286 2727 447 2793 venatum
481 2725 545 2793 boc
582 2729 735 2815 tempore
773 2725 985 2795 inusitatum.
1040 2725 1170 2793 Contra
1206 2723 1294 2794 hanc

143 2830 465 2920 interpretationem
494 2831 606 2900 dicere
638 2855 720 2922 opus
749 2838 804 2902 est
825 2832 1071 2920 Kiesslingium
1093 2832 1199 2900 verba
1220 2830 1294 2920 Ap-

144 2936 238 3025 piani
250 2937 352 3024 χωρὶς
367 2938 457 3005 ἁλῶν
479 2937 679 3026 neglexisse.
725 2937 849 3028 ltaque
864 2939 1086 3028 corrigendus
1104 2938 1157 3006 est
1172 2958 1292 3005 sensus

145 3043 206 3110 hoc
239 3042 355 3111 modo:
390 3066 458 3111 non
494 3065 572 3111 caro
607 3045 757 3113 ferarum
788 3046 949 3114 Romanis
982 3042 1178 3133 legionariis
1214 3045 1295 3111 erat

144 3149 340 3235 perniciosa,
366 3149 425 3218 sed
446 3149 526 3218 salis
550 3150 675 3240 inopia.
721 3152 929 3239 Quamquam
951 3149 1060 3238 igitur
1083 3174 1125 3218 ex
1138 3147 1202 3215 hoo
1217 3147 1292 3216 loco

142 3251 279 3321 decerni
309 3279 377 3322 non
409 3259 527 3345 potest
556 3280 635 3323 num
667 3256 757 3326 cives
780 3257 926 3325 Romani
955 3255 992 3323 in
1014 3254 1121 3324 Italia
1150 3253 1293 3323 venatui

144 3381 180 3427 se
202 3359 406 3445 dediderint,
437 3365 552 3431 tamen
580 3362 707 3431 milites
730 3363 900 3431 Romanos
925 3362 998 3431 sive
1021 3361 1117 3451 copia
1138 3360 1292 3441 ferarum

144 3469 324 3534 commotos
356 3465 428 3535 sive
459 3465 574 3556 inopia
602 3467 733 3558 pecoris
766 3470 900 3536 coactos
922 3468 957 3535 in
980 3457 1147 3556 Hispania
1168 3469 1293 3536 famem

143 3592 243 3638 carne
268 3593 445 3639 cervorum
467 3574 505 3640 et
526 3572 678 3662 leporum
703 3574 883 3642 satiavisse
907 3576 1060 3661 apparet.
1105 3572 1199 3640 Ante
1213 3593 1292 3660 por·

142 3680 196 3744 tas
231 3677 440 3746 Intercatiae
474 3678 563 3747 idem
599 3679 711 3769 Scipio
744 3680 954 3748 Aemilianus
989 3678 1136 3749 confecit
1168 3676 1291 3746 foedus

141 3780 317 3869 quoddam,
346 3806 443 3872 quem
468 3806 571 3873 supra
594 3784 844 3854 adulescentem
866 3785 901 3852 in
926 3784 1139 3853 Macedoniae
1161 3784 1290 3873 saeptis

142 3887 246 3975 regiis
270 3910 395 3958 summo
419 3890 567 3959 venandi
589 3890 704 3960 studio
727 3891 947 3980 iuflagratum
969 3890 1123 3963 vidimus.
1168 3889 1291 3960 Nonne

142 4031 349 4045 *a*

231 4105 295 4174 308)
315 4103 360 4174 frg
379 4107 439 4160 300.
544 4107 609 4176 309)
629 4105 681 4176 lrg.
701 4110 762 4164 385.
885 4111 949 4182 310)
966 4108 1088 4180 Appiani
1106 4108 1146 4166 lo.
1166 4123 1226 4180 cap.
1246 4111 1290 4166 54.

232 4194 296 4264 311)
316 4194 417 4251 Kiessl.
437 4193 471 4252 N.
492 4194 645 4254 sohveizsr
663 4194 735 4255 Mus.
754 4199 772 4254 5
790 4199 886 4271 (1865)
904 4216 930 4269 p.
950 4201 1012 4257 327.
