2880 4734
674 210 743 276 '16

149 382 294 449 editioni
308 383 515 452 collectionis
532 383 739 452 Sabouroffii
753 386 940 472 praemisit,
962 386 1015 454 bis
1030 390 1137 454 verba
1151 388 1240 456 facit
1249 389 1301 475 61).

150 487 276 556 Altero
299 489 372 557 loco
396 495 633 559 commemorat
655 490 833 561 daemones
856 491 1042 575 venaticos,
1065 493 1124 580 qui
1146 493 1300 562 fortasse

150 591 187 658 in
209 594 399 661 comoediae
423 617 553 682 quoque
578 595 780 682 fragmentis
809 597 926 683 detegi
954 601 1098 684 possunt
1106 597 1155 684 ⁶²),
1185 597 1299 667 altero

149 696 193 764 de
216 700 348 786 ectypis
373 699 499 767 votivis
523 700 640 788 agitur
663 700 774 789 quinti
796 703 951 768 exeuntis
976 702 1102 770 saeculi
1117 706 1153 769 et
1169 702 1299 791 quarti.

149 801 299 884 Quorum
321 804 358 870 in
380 805 490 871 tribus
514 827 630 872 servus
654 805 745 873 illius
769 805 912 882 iuvenis,
941 829 1039 894 quem
1069 808 1193 895 equitis
1224 808 1298 876 sive

149 908 265 996 potius
288 909 400 976 herois
422 909 542 977 habitu
572 912 725 999 sculptor
757 912 902 993 ornavit,
932 910 1082 999 leporem
1112 914 1226 996 affert,
1257 918 1298 981 ut

149 1013 298 1100 equitem
320 1037 361 1082 ex
384 1019 511 1083 venatu
532 1017 662 1083 reverti
683 1019 856 1105 appareat.
902 1015 1031 1084 Dubito
1061 1021 1184 1101 tamen,
1216 1042 1300 1084 num

149 1140 192 1184 ex
226 1119 387 1187 eiusmodi
419 1121 642 1188 monumentis
675 1121 829 1189 concludi
861 1122 970 1210 possit
1006 1122 1090 1188 viris
1126 1121 1298 1191 nobilibus

147 1221 241 1289 illins
264 1225 390 1292 saeculi
416 1235 577 1293 venatum
606 1226 699 1294 cordi
729 1226 845 1294 fuisse.
890 1227 979 1294 Nam
1007 1227 1108 1294 facile
1136 1228 1299 1315 intellegi

150 1332 268 1414 potest
289 1353 413 1397 morem
436 1331 581 1417 praedae
603 1331 729 1418 leporis
752 1332 845 1399 heroi
868 1331 1062 1399 adiciendae
1084 1333 1299 1401 inveterasse

149 1455 192 1499 ex
215 1435 264 1501 eis
286 1435 505 1523 temporibus,
538 1437 657 1524 quibus
679 1459 717 1503 re
740 1458 822 1504 vera
850 1438 987 1504 iuvenes
1017 1438 1163 1504 venandi
1192 1460 1299 1505 causa

147 1560 249 1624 agros
284 1541 586 1628 perequitaverint.
643 1543 705 1608 His
739 1541 852 1610 verbis
887 1542 1020 1610 minime
1052 1564 1178 1630 negare
1217 1543 1298 1610 volo

149 1643 281 1732 lepores
305 1654 377 1712 tum
399 1647 435 1712 in
448 1647 571 1714 Attica
593 1669 667 1715 esse
690 1647 863 1714 occasione
885 1645 968 1714 data
983 1650 1140 1735 captatos
1156 1655 1297 1715 necatos

150 1749 186 1816 in
201 1773 283 1818 cena
297 1753 482 1840 appositos
508 1753 567 1820 sed
581 1776 715 1820 monere
730 1752 841 1835 velim,
862 1775 905 1819 ne
920 1753 1043 1840 ubique
1060 1752 1297 1820 ‘venationem’

148 1877 331 1941 agnoscere
353 1858 450 1924 nobis
473 1858 656 1941 videamur,
681 1880 886 1947 quocumque
908 1857 982 1925 loco
1004 1857 1102 1945 lepus
1124 1857 1160 1923 in
1179 1879 1299 1925 monu-

149 1963 273 2028 mentis
297 1963 486 2050 inspicitur.
532 1965 660 2051 Opinor
683 1965 769 2031 enim
798 1963 930 2052 lepores
961 1966 997 2030 et
1025 1963 1193 2030 caniculos
1224 1962 1298 2031 illis

149 2068 357 2153 temporibus
381 2069 469 2137 siout
491 2069 591 2137 hodie
613 2070 814 2157 praesertim
835 2068 982 2135 Athenis
1005 2068 1112 2134 fuisse
1135 2067 1299 2135 animalia

148 2173 246 2260 quasi
267 2173 461 2259 domestica,
485 2176 588 2242 etiam
611 2176 754 2242 efferata
776 2174 923 2240 fortasse
945 2194 1053 2260 neque
1076 2177 1190 2239 tamen
1208 2171 1298 2240 fera.

147 2279 188 2346 Ε.
205 2301 238 2365 g.
261 2279 297 2345 in
319 2281 455 2348 vasculo
479 2283 570 2347 rubr.
593 2280 649 2368 fig.
671 2279 869 2368 posterioris
886 2278 1010 2366 speciei
1021 2277 1060 2363 ⁸⁸)
1074 2277 1217 2360 iuvenis,
1243 2277 1299 2344 cni

146 2385 240 2452 oanis
263 2387 439 2453 venaticus
462 2387 569 2468 adest,
593 2387 709 2453 vivum
730 2385 879 2472 leporem
901 2383 1078 2472 (siquidem
1098 2382 1133 2448 in
1148 2382 1298 2468 imagine

145 2492 344 2579 deperditae
367 2498 482 2580 partes
504 2493 599 2560 ferae
621 2498 713 2558 recte
737 2494 817 2557 sunt
847 2488 1017 2578 expletae)
1047 2488 1121 2556 viro
1151 2489 1296 2556 barbato

147 2598 261 2665 laetus
283 2597 403 2665 tradit.
442 2599 531 2666 Num
554 2596 705 2684 captatio
729 2594 828 2661 huius
851 2593 1018 2683 lepusculi
1040 2596 1157 2680 potest
1179 2592 1298 2660 vocari

146 2703 308 2772 venatio?
345 2703 462 2792 Atque
485 2726 537 2769 me
560 2703 595 2768 in
617 2701 810 2768 memoriam
831 2704 966 2767 tantum
987 2697 1174 2787 peritorum
1197 2717 1298 2764 revo-

146 2832 224 2877 care
247 2833 330 2899 opus
354 2813 416 2891 est,
448 2830 547 2897 quam
578 2830 678 2894 saepe
708 2808 804 2893 pueri
834 2810 870 2872 et
899 2805 1049 2890 virgines
1078 2802 1114 2867 in
1145 2802 1295 2869 vasculis

146 2919 183 2982 et
206 2916 332 2983 tabulis
354 2914 454 3002 pictis
479 2936 590 2981 secum
611 2913 768 3000 leporem,
796 2910 911 2998 potius
934 2910 1083 2976 fortasse
1106 2906 1297 2974 caniculum

148 3021 283 3089 ducant.
329 3021 384 3087 Ab
407 3019 598 3087 amantibus
629 3017 715 3085 enim
747 3016 906 3083 animalia
935 3014 1031 3082 velut
1062 3011 1229 3101 lepusculi
1259 3016 1297 3080 et

145 3149 226 3193 aves
249 3126 336 3193 dono
359 3124 434 3192 dari
458 3124 622 3192 solebant.

480 3300 543 3367 De
565 3297 950 3387 aprivenatione.

235 3426 383 3493 Venatio
406 3425 481 3513 apri
504 3425 655 3492 omnibus
687 3422 760 3489 fere
789 3418 996 3506 temporibus
1020 3416 1159 3485 Graecis
1190 3415 1296 3502 digna

147 3532 290 3619 quaein
312 3530 459 3599 vasculis
491 3529 731 3616 depingeretur
760 3527 835 3593 visa
864 3527 927 3591 est.
972 3523 1027 3589 Ex
1056 3520 1294 3589 diversissimis

146 3637 339 3724 regionibus
363 3636 527 3706 Graeciae
549 3633 716 3723 propriae,
745 3631 851 3698 Asiae
874 3629 1021 3712 minoris,
1050 3627 1176 3695 Italiae
1206 3626 1295 3694 talia

234 3872 281 4032 dy)
297 3872 630 4030 ddgglddtdb1dblemeke
642 3956 669 4010 ll
684 3958 723 4027 (2)
742 3971 804 4024 pag.
819 3957 870 4009 675
890 3952 1003 4021 (Athen.
1021 3950 1055 4017 X,
1066 3953 1117 4003 441
1129 3950 1163 4018 e).
1191 3947 1252 4001 Hoc
1265 3947 1295 4001 in

144 4051 277 4120 opusculo
296 4053 378 4120 plura
402 4047 437 4104 de
461 4048 504 4102 his
530 4044 696 4116 κυνηγέταις
721 4043 848 4115 proferre
873 4042 957 4098 nolim
982 4044 1139 4111 propterea,
1165 4035 1240 4106 quod
1266 4043 1295 4092 et

144 4141 227 4210 longa
246 4141 367 4196 fortasse
385 4138 569 4208 explicatione
587 4153 656 4206 opus
684 4140 727 4191 est
752 4149 841 4204 neque
866 4131 922 4202 ipsi
945 4130 1011 4186 mihi
1036 4146 1107 4185 nuno
1135 4127 1294 4182 necessaria

143 4247 236 4286 rerum
254 4230 370 4285 scientia
389 4226 475 4284 adest.
496 4226 531 4282 cf.
550 4227 659 4282 Wilam.
679 4225 752 4297 Isyll.
773 4241 800 4294 p.
821 4227 880 4279 100.

235 4324 282 4393 63)
300 4317 427 4375 Gerhard
445 4321 477 4373 A.
487 4318 520 4372 V.
535 4321 596 4373 290.
