<?xml version="1.0" encoding="UTF-8"?>
<!DOCTYPE html PUBLIC "-//W3C//DTD XHTML 1.0 Transitional//EN"
    "http://www.w3.org/TR/xhtml1/DTD/xhtml1-transitional.dtd">
<html xmlns="http://www.w3.org/1999/xhtml" xml:lang="en" lang="en">
 <head>
  <title>
</title>
<meta http-equiv="Content-Type" content="text/html;charset=utf-8" />
  <meta name='ocr-system' content='tesseract 3.04.00' />
  <meta name='ocr-capabilities' content='ocr_page ocr_carea ocr_par ocr_line ocrx_word'/>
</head>
<body>
  <div class='ocr_page' id='page_1' title='image "./destudiovenandi00johagoog_0022.png"; bbox 0 0 2880 4734; ppageno 0'>
   <div class='ocr_carea' id='block_1_1' title="bbox 624 212 696 313">
    <p class='ocr_par' dir='ltr' id='par_1_1' title="bbox 624 212 696 313">
     <span class='ocr_line' id='line_1_1' title="bbox 624 212 696 313; baseline 0.014 -27"><span class='ocrx_word' id='word_1_1' title='bbox 624 308 626 313; x_wconf 13' lang='grc' dir='ltr'><strong><em>ι</em></strong></span> <span class='ocrx_word' id='word_1_2' title='bbox 650 212 696 287; x_wconf 83' lang='lat'>13&#39;</span> 
     </span>
    </p>
   </div>
   <div class='ocr_carea' id='block_1_2' title="bbox 73 395 1311 3743">
    <p class='ocr_par' dir='ltr' id='par_1_2' title="bbox 73 395 1311 3743">
     <span class='ocr_line' id='line_1_2' title="bbox 102 395 1246 485; baseline -0.003 -21"><span class='ocrx_word' id='word_1_3' title='bbox 102 395 162 464; x_wconf 86' lang='lat' dir='ltr'>sed</span> <span class='ocrx_word' id='word_1_4' title='bbox 184 396 309 464; x_wconf 88' lang='lat' dir='ltr'>iterum</span> <span class='ocrx_word' id='word_1_5' title='bbox 329 395 520 483; x_wconf 74' lang='lat' dir='ltr'>iterumque</span> <span class='ocrx_word' id='word_1_6' title='bbox 543 395 751 483; x_wconf 90' lang='lat' dir='ltr'>exemplaria</span> <span class='ocrx_word' id='word_1_7' title='bbox 773 397 974 485; x_wconf 82' lang='lat' dir='ltr'><strong>depinxisse.</strong></span> <span class='ocrx_word' id='word_1_8' title='bbox 1021 398 1094 481; x_wconf 77' lang='lat' dir='ltr'>Quo</span> <span class='ocrx_word' id='word_1_9' title='bbox 1118 398 1246 465; x_wconf 83' lang='lat' dir='ltr'>factum</span> 
     </span>
     <span class='ocr_line' id='line_1_3' title="bbox 101 500 1247 590; baseline 0.001 -21"><span class='ocrx_word' id='word_1_10' title='bbox 101 505 165 581; x_wconf 87' lang='lat' dir='ltr'>est,</span> <span class='ocrx_word' id='word_1_11' title='bbox 188 504 229 567; x_wconf 92' lang='lat' dir='ltr'>ut</span> <span class='ocrx_word' id='word_1_12' title='bbox 251 500 394 569; x_wconf 87' lang='lat' dir='ltr'>diversis</span> <span class='ocrx_word' id='word_1_13' title='bbox 417 506 453 569; x_wconf 91' lang='lat' dir='ltr'>et</span> <span class='ocrx_word' id='word_1_14' title='bbox 475 501 683 588; x_wconf 77' lang='lat' dir='ltr'>temporibus</span> <span class='ocrx_word' id='word_1_15' title='bbox 708 505 744 568; x_wconf 93' lang='lat' dir='ltr'>et</span> <span class='ocrx_word' id='word_1_16' title='bbox 766 501 848 568; x_wconf 86' lang='lat' dir='ltr'>locis</span> <span class='ocrx_word' id='word_1_17' title='bbox 871 502 959 570; x_wconf 85' lang='lat' dir='ltr'>tales</span> <span class='ocrx_word' id='word_1_18' title='bbox 988 502 1115 590; x_wconf 89' lang='lat' dir='ltr'>leporis</span> <span class='ocrx_word' id='word_1_19' title='bbox 1146 525 1247 570; x_wconf 88' lang='lat' dir='ltr'>vena-</span> 
     </span>
     <span class='ocr_line' id='line_1_4' title="bbox 102 605 1248 696; baseline 0 -22"><span class='ocrx_word' id='word_1_20' title='bbox 102 607 214 674; x_wconf 89' lang='lat' dir='ltr'>tiones</span> <span class='ocrx_word' id='word_1_21' title='bbox 237 607 274 672; x_wconf 92' lang='lat' dir='ltr'>in</span> <span class='ocrx_word' id='word_1_22' title='bbox 295 605 442 674; x_wconf 78' lang='lat' dir='ltr'>vasculis</span> <span class='ocrx_word' id='word_1_23' title='bbox 464 607 697 695; x_wconf 76' lang='lat' dir='ltr'>pingerentur.</span> <span class='ocrx_word' id='word_1_24' title='bbox 739 607 903 695; x_wconf 84' lang='lat' dir='ltr'>Exempla</span> <span class='ocrx_word' id='word_1_25' title='bbox 925 610 1052 676; x_wconf 86' lang='lat' dir='ltr'>afferre</span> <span class='ocrx_word' id='word_1_26' title='bbox 1074 631 1142 675; x_wconf 93' lang='grc'>000</span> <span class='ocrx_word' id='word_1_27' title='bbox 1165 631 1248 696; x_wconf 91' lang='lat' dir='ltr'>opus</span> 
     </span>
     <span class='ocr_line' id='line_1_5' title="bbox 103 711 1248 801; baseline -0.002 -22"><span class='ocrx_word' id='word_1_28' title='bbox 103 716 167 794; x_wconf 91' lang='lat' dir='ltr'>est,</span> <span class='ocrx_word' id='word_1_29' title='bbox 197 711 353 798; x_wconf 90' lang='lat' dir='ltr'>quoniam</span> <span class='ocrx_word' id='word_1_30' title='bbox 376 711 513 779; x_wconf 90' lang='lat' dir='ltr'>Pottier</span> <span class='ocrx_word' id='word_1_31' title='bbox 541 714 578 778; x_wconf 93' lang='lat' dir='ltr'>in</span> <span class='ocrx_word' id='word_1_32' title='bbox 607 711 848 781; x_wconf 70' lang='lat' dir='ltr'>dissertatione</span> <span class='ocrx_word' id='word_1_33' title='bbox 871 735 931 780; x_wconf 89' lang='lat' dir='ltr'>sua</span> <span class='ocrx_word' id='word_1_34' title='bbox 961 713 1070 781; x_wconf 90' lang='lat' dir='ltr'>multa</span> <span class='ocrx_word' id='word_1_35' title='bbox 1098 712 1248 801; x_wconf 81' lang='lat' dir='ltr'>collegit,</span> 
     </span>
     <span class='ocr_line' id='line_1_6' title="bbox 103 816 1249 904; baseline 0.001 -23"><span class='ocrx_word' id='word_1_36' title='bbox 103 837 189 903; x_wconf 88' lang='lat' dir='ltr'>quac</span> <span class='ocrx_word' id='word_1_37' title='bbox 212 816 260 883; x_wconf 90' lang='lat' dir='ltr'>eis</span> <span class='ocrx_word' id='word_1_38' title='bbox 283 817 341 904; x_wconf 89' lang='lat' dir='ltr'>qui</span> <span class='ocrx_word' id='word_1_39' title='bbox 363 817 490 884; x_wconf 87' lang='lat' dir='ltr'>talibus</span> <span class='ocrx_word' id='word_1_40' title='bbox 513 820 614 885; x_wconf 89' lang='lat' dir='ltr'>rebus</span> <span class='ocrx_word' id='word_1_41' title='bbox 647 818 786 885; x_wconf 87' lang='lat' dir='ltr'>student</span> <span class='ocrx_word' id='word_1_42' title='bbox 815 819 1020 886; x_wconf 88' lang='lat' dir='ltr'>conferenda</span> <span class='ocrx_word' id='word_1_43' title='bbox 1048 818 1249 886; x_wconf 90' lang='lat' dir='ltr'>commendo.</span> 
     </span>
     <span class='ocr_line' id='line_1_7' title="bbox 102 921 1248 1011; baseline 0 -23"><span class='ocrx_word' id='word_1_44' title='bbox 102 921 247 989; x_wconf 81' lang='lat' dir='ltr'>Accedit</span> <span class='ocrx_word' id='word_1_45' title='bbox 269 943 329 989; x_wconf 89' lang='lat' dir='ltr'>vas</span> <span class='ocrx_word' id='word_1_46' title='bbox 352 922 550 989; x_wconf 90' lang='lat' dir='ltr'>Boeoticum</span> <span class='ocrx_word' id='word_1_47' title='bbox 573 923 708 1011; x_wconf 88' lang='lat' dir='ltr'>septimi</span> <span class='ocrx_word' id='word_1_48' title='bbox 732 923 917 1011; x_wconf 74' lang='lat' dir='ltr'>saeculi⁴⁶).</span> <span class='ocrx_word' id='word_1_49' title='bbox 962 924 1095 1007; x_wconf 87' lang='lat' dir='ltr'>Nescio,</span> <span class='ocrx_word' id='word_1_50' title='bbox 1118 945 1184 1010; x_wconf 89' lang='lat' dir='ltr'>qua</span> <span class='ocrx_word' id='word_1_51' title='bbox 1207 923 1248 989; x_wconf 91' lang='lat' dir='ltr'>de</span> 
     </span>
     <span class='ocr_line' id='line_1_8' title="bbox 102 1026 1250 1117; baseline 0.002 -25"><span class='ocrx_word' id='word_1_52' title='bbox 102 1047 205 1093; x_wconf 88' lang='lat' dir='ltr'>causa</span> <span class='ocrx_word' id='word_1_53' title='bbox 218 1026 419 1111; x_wconf 80' lang='lat' dir='ltr'>Boehlau4⁷)</span> <span class='ocrx_word' id='word_1_54' title='bbox 441 1028 476 1093; x_wconf 92' lang='lat' dir='ltr'>in</span> <span class='ocrx_word' id='word_1_55' title='bbox 491 1027 613 1095; x_wconf 88' lang='lat' dir='ltr'>Attica</span> <span class='ocrx_word' id='word_1_56' title='bbox 636 1028 784 1117; x_wconf 80' lang='lat' dir='ltr'>ampulla</span> <span class='ocrx_word' id='word_1_57' title='bbox 800 1029 870 1095; x_wconf 90' lang='lat' dir='ltr'>eius</span> <span class='ocrx_word' id='word_1_58' title='bbox 885 1030 1032 1115; x_wconf 90' lang='lat' dir='ltr'>generis,</span> <span class='ocrx_word' id='word_1_59' title='bbox 1056 1029 1145 1117; x_wconf 93' lang='lat' dir='ltr'>quod</span> <span class='ocrx_word' id='word_1_60' title='bbox 1160 1028 1250 1116; x_wconf 91' lang='lat' dir='ltr'>apud</span> 
     </span>
     <span class='ocr_line' id='line_1_9' title="bbox 103 1130 1250 1221; baseline 0.003 -25"><span class='ocrx_word' id='word_1_61' title='bbox 103 1130 287 1198; x_wconf 90' lang='lat' dir='ltr'>Phalerum</span> <span class='ocrx_word' id='word_1_62' title='bbox 309 1136 446 1218; x_wconf 89' lang='lat' dir='ltr'>portum</span> <span class='ocrx_word' id='word_1_63' title='bbox 469 1133 641 1215; x_wconf 87' lang='lat' dir='ltr'>effoditur,</span> <span class='ocrx_word' id='word_1_64' title='bbox 673 1134 720 1219; x_wconf 87' lang='grc'>(10</span> <span class='ocrx_word' id='word_1_65' title='bbox 743 1155 809 1221; x_wconf 94' lang='lat' dir='ltr'>qua</span> <span class='ocrx_word' id='word_1_66' title='bbox 832 1136 997 1221; x_wconf 87' lang='lat' dir='ltr'>quattuor</span> <span class='ocrx_word' id='word_1_67' title='bbox 1019 1156 1118 1201; x_wconf 86' lang='lat' dir='ltr'>canes</span> <span class='ocrx_word' id='word_1_68' title='bbox 1148 1132 1250 1201; x_wconf 89' lang='lat' dir='ltr'>colla·</span> 
     </span>
     <span class='ocr_line' id='line_1_10' title="bbox 103 1236 1250 1326; baseline 0 -23"><span class='ocrx_word' id='word_1_69' title='bbox 103 1236 200 1303; x_wconf 92' lang='lat' dir='ltr'>ribus</span> <span class='ocrx_word' id='word_1_70' title='bbox 224 1237 339 1303; x_wconf 89' lang='lat' dir='ltr'>ornati</span> <span class='ocrx_word' id='word_1_71' title='bbox 360 1237 600 1323; x_wconf 88' lang='lat' dir='ltr'>ingrediuntur</span> <span class='ocrx_word' id='word_1_72' title='bbox 621 1242 701 1326; x_wconf 88' lang='lat' dir='ltr'>post</span> <span class='ocrx_word' id='word_1_73' title='bbox 723 1237 882 1326; x_wconf 88' lang='lat' dir='ltr'>leporem,</span> <span class='ocrx_word' id='word_1_74' title='bbox 906 1238 964 1325; x_wconf 93' lang='lat' dir='ltr'>qui</span> <span class='ocrx_word' id='word_1_75' title='bbox 987 1242 1048 1306; x_wconf 93' lang='lat' dir='ltr'>sub</span> <span class='ocrx_word' id='word_1_76' title='bbox 1071 1261 1155 1306; x_wconf 90' lang='lat' dir='ltr'>ansa</span> <span class='ocrx_word' id='word_1_77' title='bbox 1176 1261 1250 1304; x_wconf 91' lang='lat' dir='ltr'>vas·</span> 
     </span>
     <span class='ocr_line' id='line_1_11' title="bbox 104 1341 1252 1432; baseline 0.002 -23"><span class='ocrx_word' id='word_1_78' title='bbox 104 1341 175 1409; x_wconf 93' lang='lat' dir='ltr'>culi</span> <span class='ocrx_word' id='word_1_79' title='bbox 196 1341 232 1407; x_wconf 92' lang='lat' dir='ltr'>in</span> <span class='ocrx_word' id='word_1_80' title='bbox 254 1342 362 1408; x_wconf 93' lang='lat' dir='ltr'>locum</span> <span class='ocrx_word' id='word_1_81' title='bbox 387 1342 564 1410; x_wconf 89' lang='lat' dir='ltr'>editiorem</span> <span class='ocrx_word' id='word_1_82' title='bbox 587 1343 775 1430; x_wconf 88' lang='lat' dir='ltr'>procurrit)</span> <span class='ocrx_word' id='word_1_83' title='bbox 796 1347 941 1425; x_wconf 88' lang='lat' dir='ltr'>moneat,</span> <span class='ocrx_word' id='word_1_84' title='bbox 965 1366 1007 1411; x_wconf 90' lang='lat' dir='ltr'>ne</span> <span class='ocrx_word' id='word_1_85' title='bbox 1022 1345 1104 1412; x_wconf 91' lang='lat' dir='ltr'>haec</span> <span class='ocrx_word' id='word_1_86' title='bbox 1120 1367 1252 1432; x_wconf 91' lang='lat' dir='ltr'>compo·</span> 
     </span>
     <span class='ocr_line' id='line_1_12' title="bbox 105 1447 1253 1538; baseline 0.001 -24"><span class='ocrx_word' id='word_1_87' title='bbox 105 1447 187 1514; x_wconf 90' lang='lat' dir='ltr'>sitio</span> <span class='ocrx_word' id='word_1_88' title='bbox 209 1470 273 1535; x_wconf 93' lang='lat' dir='ltr'>pro</span> <span class='ocrx_word' id='word_1_89' title='bbox 296 1448 477 1514; x_wconf 90' lang='lat' dir='ltr'>venatione</span> <span class='ocrx_word' id='word_1_90' title='bbox 499 1448 676 1532; x_wconf 88' lang='lat' dir='ltr'>habeatur,</span> <span class='ocrx_word' id='word_1_91' title='bbox 707 1450 765 1517; x_wconf 89' lang='lat' dir='ltr'>sed</span> <span class='ocrx_word' id='word_1_92' title='bbox 787 1449 936 1537; x_wconf 89' lang='lat' dir='ltr'>leporem</span> <span class='ocrx_word' id='word_1_93' title='bbox 959 1472 1033 1517; x_wconf 87' lang='lat' dir='ltr'>esse</span> <span class='ocrx_word' id='word_1_94' title='bbox 1055 1451 1183 1538; x_wconf 90' lang='lat' dir='ltr'>pictum</span> <span class='ocrx_word' id='word_1_95' title='bbox 1211 1453 1253 1516; x_wconf 92' lang='lat' dir='ltr'>ut</span> 
     </span>
     <span class='ocr_line' id='line_1_13' title="bbox 105 1553 1250 1643; baseline 0.001 -23"><span class='ocrx_word' id='word_1_96' title='bbox 105 1553 252 1640; x_wconf 89' lang='lat' dir='ltr'>spatium</span> <span class='ocrx_word' id='word_1_97' title='bbox 285 1553 474 1639; x_wconf 86' lang='lat' dir='ltr'>expleatur.</span> <span class='ocrx_word' id='word_1_98' title='bbox 519 1553 606 1620; x_wconf 87' lang='lat' dir='ltr'>Nam</span> <span class='ocrx_word' id='word_1_99' title='bbox 641 1577 746 1643; x_wconf 91' lang='lat' dir='ltr'>supra</span> <span class='ocrx_word' id='word_1_100' title='bbox 776 1556 920 1622; x_wconf 90' lang='lat' dir='ltr'>vidimus</span> <span class='ocrx_word' id='word_1_101' title='bbox 952 1555 1015 1622; x_wconf 91' lang='lat' dir='ltr'>hoc</span> <span class='ocrx_word' id='word_1_102' title='bbox 1047 1556 1121 1643; x_wconf 91' lang='lat' dir='ltr'>ipso</span> <span class='ocrx_word' id='word_1_103' title='bbox 1153 1554 1250 1621; x_wconf 92' lang='lat' dir='ltr'>modo</span> 
     </span>
     <span class='ocr_line' id='line_1_14' title="bbox 105 1658 1250 1748; baseline 0 -23"><span class='ocrx_word' id='word_1_104' title='bbox 105 1662 218 1725; x_wconf 91' lang='lat' dir='ltr'>ortam</span> <span class='ocrx_word' id='word_1_105' title='bbox 240 1681 313 1725; x_wconf 88' lang='lat' dir='ltr'>esse</span> <span class='ocrx_word' id='word_1_106' title='bbox 341 1658 428 1725; x_wconf 91' lang='lat' dir='ltr'>hanc</span> <span class='ocrx_word' id='word_1_107' title='bbox 458 1659 649 1725; x_wconf 88' lang='lat' dir='ltr'>venationis</span> <span class='ocrx_word' id='word_1_108' title='bbox 679 1659 832 1747; x_wconf 89' lang='lat' dir='ltr'>figuram.</span> <span class='ocrx_word' id='word_1_109' title='bbox 878 1659 916 1727; x_wconf 86' lang='lat' dir='ltr'>Si</span> <span class='ocrx_word' id='word_1_110' title='bbox 944 1659 1072 1727; x_wconf 82' lang='lat' dir='ltr'>artifex</span> <span class='ocrx_word' id='word_1_111' title='bbox 1099 1660 1250 1748; x_wconf 90' lang='lat' dir='ltr'>leporem</span> 
     </span>
     <span class='ocr_line' id='line_1_15' title="bbox 105 1748 1251 1850; baseline 0 -20"><span class='ocrx_word' id='word_1_112' title='bbox 105 1767 186 1830; x_wconf 89' lang='lat' dir='ltr'>ante</span> <span class='ocrx_word' id='word_1_113' title='bbox 202 1784 299 1831; x_wconf 87' lang='lat' dir='ltr'>canes</span> <span class='ocrx_word' id='word_1_114' title='bbox 313 1764 435 1850; x_wconf 84' lang='lat' dir='ltr'>pinxit,</span> <span class='ocrx_word' id='word_1_115' title='bbox 452 1762 569 1832; x_wconf 89' lang='lat' dir='ltr'>nolens</span> <span class='ocrx_word' id='word_1_116' title='bbox 583 1748 699 1831; x_wconf 75' lang='lat' dir='ltr'>volins</span> <span class='ocrx_word' id='word_1_117' title='bbox 712 1765 877 1832; x_wconf 81' lang='lat' dir='ltr'>formavit</span> <span class='ocrx_word' id='word_1_118' title='bbox 888 1765 1111 1832; x_wconf 89' lang='lat' dir='ltr'>venationem.</span> <span class='ocrx_word' id='word_1_119' title='bbox 1146 1763 1251 1830; x_wconf 89' lang='lat' dir='ltr'>Prae·</span> 
     </span>
     <span class='ocr_line' id='line_1_16' title="bbox 105 1867 1248 1958; baseline 0 -24"><span class='ocrx_word' id='word_1_120' title='bbox 105 1871 205 1934; x_wconf 91' lang='lat' dir='ltr'>terea</span> <span class='ocrx_word' id='word_1_121' title='bbox 226 1867 290 1935; x_wconf 94' lang='lat' dir='ltr'>hoc</span> <span class='ocrx_word' id='word_1_122' title='bbox 312 1868 386 1935; x_wconf 95' lang='lat' dir='ltr'>loco</span> <span class='ocrx_word' id='word_1_123' title='bbox 409 1868 583 1936; x_wconf 87' lang='lat' dir='ltr'>affirmare</span> <span class='ocrx_word' id='word_1_124' title='bbox 605 1869 707 1936; x_wconf 89' lang='lat' dir='ltr'>velim</span> <span class='ocrx_word' id='word_1_125' title='bbox 730 1870 816 1937; x_wconf 89' lang='lat' dir='ltr'>hanc</span> <span class='ocrx_word' id='word_1_126' title='bbox 837 1871 977 1958; x_wconf 88' lang='lat' dir='ltr'>proprie</span> <span class='ocrx_word' id='word_1_127' title='bbox 1000 1870 1125 1937; x_wconf 92' lang='lat' dir='ltr'>dictam</span> <span class='ocrx_word' id='word_1_128' title='bbox 1148 1890 1248 1936; x_wconf 89' lang='lat' dir='ltr'>vena·</span> 
     </span>
     <span class='ocr_line' id='line_1_17' title="bbox 73 1973 1253 2063; baseline 0 -23"><span class='ocrx_word' id='word_1_129' title='bbox 73 2012 74 2015; x_wconf 32' lang='lat'>¹</span> <span class='ocrx_word' id='word_1_130' title='bbox 104 1973 232 2040; x_wconf 88' lang='lat' dir='ltr'>tionem</span> <span class='ocrx_word' id='word_1_131' title='bbox 249 1996 323 2041; x_wconf 87' lang='lat' dir='ltr'>esse</span> <span class='ocrx_word' id='word_1_132' title='bbox 339 1973 436 2061; x_wconf 88' lang='lat' dir='ltr'>quasi</span> <span class='ocrx_word' id='word_1_133' title='bbox 452 1973 613 2041; x_wconf 90' lang='lat' dir='ltr'>sollemne</span> <span class='ocrx_word' id='word_1_134' title='bbox 629 1979 862 2043; x_wconf 87' lang='lat' dir='ltr'>ornamentum</span> <span class='ocrx_word' id='word_1_135' title='bbox 885 1976 921 2041; x_wconf 93' lang='lat' dir='ltr'>in</span> <span class='ocrx_word' id='word_1_136' title='bbox 943 1975 1012 2041; x_wconf 88' lang='lat' dir='ltr'>illis</span> <span class='ocrx_word' id='word_1_137' title='bbox 1036 1974 1192 2063; x_wconf 90' lang='lat' dir='ltr'>ampullis</span> <span class='ocrx_word' id='word_1_138' title='bbox 1217 1977 1253 2040; x_wconf 91' lang='lat' dir='ltr'>et</span> 
     </span>
     <span class='ocr_line' id='line_1_18' title="bbox 107 2077 1251 2166; baseline 0.001 -22"><span class='ocrx_word' id='word_1_139' title='bbox 107 2077 254 2165; x_wconf 88' lang='lat' dir='ltr'>scyphis,</span> <span class='ocrx_word' id='word_1_140' title='bbox 268 2101 408 2166; x_wconf 90' lang='lat' dir='ltr'>quorum</span> <span class='ocrx_word' id='word_1_141' title='bbox 418 2079 546 2146; x_wconf 82' lang='lat' dir='ltr'>formas</span> <span class='ocrx_word' id='word_1_142' title='bbox 558 2079 852 2148; x_wconf 88' lang='lat' dir='ltr'>Protocorinthias</span> <span class='ocrx_word' id='word_1_143' title='bbox 863 2080 1038 2147; x_wconf 89' lang='lat' dir='ltr'>nominare</span> <span class='ocrx_word' id='word_1_144' title='bbox 1050 2080 1194 2146; x_wconf 91' lang='lat' dir='ltr'>solemus</span> <span class='ocrx_word' id='word_1_145' title='bbox 1200 2078 1251 2166; x_wconf 74' lang='lat'>4⁸).</span> 
     </span>
     <span class='ocr_line' id='line_1_19' title="bbox 105 2182 1253 2271; baseline 0.002 -23"><span class='ocrx_word' id='word_1_146' title='bbox 105 2182 297 2251; x_wconf 85' lang='lat' dir='ltr'>Locschclre</span> <span class='ocrx_word' id='word_1_147' title='bbox 331 2207 405 2250; x_wconf 90' lang='lat' dir='ltr'>cum</span> <span class='ocrx_word' id='word_1_148' title='bbox 438 2189 560 2271; x_wconf 90' lang='lat' dir='ltr'>postea</span> <span class='ocrx_word' id='word_1_149' title='bbox 593 2184 725 2271; x_wconf 75' lang='lat' dir='ltr'>dicit4⁹)</span> <span class='ocrx_word' id='word_1_150' title='bbox 759 2185 957 2252; x_wconf 89' lang='lat' dir='ltr'>venationes</span> <span class='ocrx_word' id='word_1_151' title='bbox 991 2185 1069 2251; x_wconf 88' lang='lat' dir='ltr'>illas</span> <span class='ocrx_word' id='word_1_152' title='bbox 1108 2207 1181 2251; x_wconf 89' lang='lat' dir='ltr'>esse</span> <span class='ocrx_word' id='word_1_153' title='bbox 1217 2184 1253 2250; x_wconf 89' lang='lat' dir='ltr'>in</span> 
     </span>
     <span class='ocr_line' id='line_1_20' title="bbox 104 2287 1252 2376; baseline 0.001 -22"><span class='ocrx_word' id='word_1_154' title='bbox 104 2287 235 2354; x_wconf 88' lang='lat' dir='ltr'>Atticis</span> <span class='ocrx_word' id='word_1_155' title='bbox 259 2287 415 2375; x_wconf 87' lang='lat' dir='ltr'>ampullis</span> <span class='ocrx_word' id='word_1_156' title='bbox 439 2288 474 2354; x_wconf 92' lang='lat' dir='ltr'>in</span> <span class='ocrx_word' id='word_1_157' title='bbox 496 2291 671 2376; x_wconf 89' lang='lat' dir='ltr'>superiore</span> <span class='ocrx_word' id='word_1_158' title='bbox 693 2293 828 2357; x_wconf 91' lang='lat' dir='ltr'>tantum</span> <span class='ocrx_word' id='word_1_159' title='bbox 850 2289 971 2357; x_wconf 90' lang='lat' dir='ltr'>lateris</span> <span class='ocrx_word' id='word_1_160' title='bbox 1000 2292 1101 2376; x_wconf 89' lang='lat' dir='ltr'>parte</span> <span class='ocrx_word' id='word_1_161' title='bbox 1131 2288 1252 2376; x_wconf 89' lang='lat' dir='ltr'>pictas,</span> 
     </span>
     <span class='ocr_line' id='line_1_21' title="bbox 106 2392 1254 2481; baseline 0 -23"><span class='ocrx_word' id='word_1_162' title='bbox 106 2392 197 2480; x_wconf 92' lang='lat' dir='ltr'>quod</span> <span class='ocrx_word' id='word_1_163' title='bbox 219 2397 453 2460; x_wconf 89' lang='lat' dir='ltr'>ornamentum</span> <span class='ocrx_word' id='word_1_164' title='bbox 475 2416 542 2460; x_wconf 94' lang='lat' dir='ltr'>non</span> <span class='ocrx_word' id='word_1_165' title='bbox 565 2395 632 2460; x_wconf 90' lang='lat' dir='ltr'>iam</span> <span class='ocrx_word' id='word_1_166' title='bbox 654 2394 832 2481; x_wconf 89' lang='lat' dir='ltr'>placuerit,</span> <span class='ocrx_word' id='word_1_167' title='bbox 864 2393 1003 2460; x_wconf 86' lang='lat' dir='ltr'>consilio</span> <span class='ocrx_word' id='word_1_168' title='bbox 1033 2393 1140 2460; x_wconf 87' lang='lat' dir='ltr'>vitam</span> <span class='ocrx_word' id='word_1_169' title='bbox 1169 2394 1254 2460; x_wconf 91' lang='lat' dir='ltr'>coti-</span> 
     </span>
     <span class='ocr_line' id='line_1_22' title="bbox 108 2497 1255 2586; baseline 0 -22"><span class='ocrx_word' id='word_1_170' title='bbox 108 2497 243 2564; x_wconf 88' lang='lat' dir='ltr'>dianam</span> <span class='ocrx_word' id='word_1_171' title='bbox 264 2499 399 2566; x_wconf 91' lang='lat' dir='ltr'>minime</span> <span class='ocrx_word' id='word_1_172' title='bbox 422 2500 546 2585; x_wconf 87' lang='lat' dir='ltr'>tangit.</span> <span class='ocrx_word' id='word_1_173' title='bbox 586 2500 672 2566; x_wconf 91' lang='lat' dir='ltr'>Nam</span> <span class='ocrx_word' id='word_1_174' title='bbox 695 2500 848 2586; x_wconf 88' lang='lat' dir='ltr'>quamvis</span> <span class='ocrx_word' id='word_1_175' title='bbox 871 2498 996 2586; x_wconf 90' lang='lat' dir='ltr'>leporis</span> <span class='ocrx_word' id='word_1_176' title='bbox 1020 2498 1158 2566; x_wconf 88' lang='lat' dir='ltr'>venatio</span> <span class='ocrx_word' id='word_1_177' title='bbox 1181 2503 1255 2566; x_wconf 91' lang='lat' dir='ltr'>tum</span> 
     </span>
     <span class='ocr_line' id='line_1_23' title="bbox 107 2602 1255 2691; baseline 0 -22"><span class='ocrx_word' id='word_1_178' title='bbox 107 2627 175 2669; x_wconf 93' lang='grc'>000</span> <span class='ocrx_word' id='word_1_179' title='bbox 196 2602 382 2691; x_wconf 90' lang='lat' dir='ltr'>principem</span> <span class='ocrx_word' id='word_1_180' title='bbox 403 2605 512 2671; x_wconf 89' lang='lat' dir='ltr'>locum</span> <span class='ocrx_word' id='word_1_181' title='bbox 536 2605 594 2672; x_wconf 89' lang='lat' dir='ltr'>scd</span> <span class='ocrx_word' id='word_1_182' title='bbox 616 2605 813 2672; x_wconf 82' lang='lat' dir='ltr'>inferiorem</span> <span class='ocrx_word' id='word_1_183' title='bbox 835 2605 872 2671; x_wconf 93' lang='lat' dir='ltr'>in</span> <span class='ocrx_word' id='word_1_184' title='bbox 894 2604 1040 2671; x_wconf 88' lang='lat' dir='ltr'>vasculis</span> <span class='ocrx_word' id='word_1_185' title='bbox 1057 2604 1255 2684; x_wconf 88' lang='lat' dir='ltr'>obtinuerit,</span> 
     </span>
     <span class='ocr_line' id='line_1_24' title="bbox 107 2708 1185 2796; baseline 0 -21"><span class='ocrx_word' id='word_1_186' title='bbox 107 2712 223 2775; x_wconf 89' lang='lat' dir='ltr'>tamen</span> <span class='ocrx_word' id='word_1_187' title='bbox 246 2730 288 2775; x_wconf 90' lang='lat' dir='ltr'>ex</span> <span class='ocrx_word' id='word_1_188' title='bbox 309 2710 403 2777; x_wconf 90' lang='lat' dir='ltr'>vitae</span> <span class='ocrx_word' id='word_1_189' title='bbox 425 2709 614 2777; x_wconf 89' lang='lat' dir='ltr'>cotidianae</span> <span class='ocrx_word' id='word_1_190' title='bbox 638 2709 772 2796; x_wconf 89' lang='lat' dir='ltr'>gaudiis</span> <span class='ocrx_word' id='word_1_191' title='bbox 795 2734 863 2777; x_wconf 94' lang='grc'>000</span> <span class='ocrx_word' id='word_1_192' title='bbox 886 2708 1066 2796; x_wconf 87' lang='lat' dir='ltr'>disparuit.</span> <span class='ocrx_word' id='word_1_193' title='bbox 1183 2791 1185 2796; x_wconf 20' lang='grc' dir='ltr'>Ι</span> 
     </span>
     <span class='ocr_line' id='line_1_25' title="bbox 195 2813 1257 2902; baseline -0.002 -22"><span class='ocrx_word' id='word_1_194' title='bbox 195 2813 246 2881; x_wconf 89' lang='lat' dir='ltr'>Ut</span> <span class='ocrx_word' id='word_1_195' title='bbox 270 2814 422 2902; x_wconf 90' lang='lat' dir='ltr'>exemplo</span> <span class='ocrx_word' id='word_1_196' title='bbox 447 2815 659 2897; x_wconf 86' lang='lat' dir='ltr'>ostendatur,</span> <span class='ocrx_word' id='word_1_197' title='bbox 683 2815 848 2901; x_wconf 90' lang='lat' dir='ltr'>quomodo</span> <span class='ocrx_word' id='word_1_198' title='bbox 872 2837 927 2880; x_wconf 90' lang='lat' dir='ltr'>res</span> <span class='ocrx_word' id='word_1_199' title='bbox 951 2813 1103 2880; x_wconf 87' lang='lat' dir='ltr'>traditae</span> <span class='ocrx_word' id='word_1_200' title='bbox 1127 2816 1163 2879; x_wconf 90' lang='lat' dir='ltr'>et</span> <span class='ocrx_word' id='word_1_201' title='bbox 1183 2813 1257 2879; x_wconf 91' lang='lat' dir='ltr'>vita</span> 
     </span>
     <span class='ocr_line' id='line_1_26' title="bbox 110 2918 1257 3008; baseline -0.001 -23"><span class='ocrx_word' id='word_1_202' title='bbox 110 2919 281 2987; x_wconf 90' lang='lat' dir='ltr'>cotidiana</span> <span class='ocrx_word' id='word_1_203' title='bbox 305 2920 403 2987; x_wconf 90' lang='lat' dir='ltr'>simul</span> <span class='ocrx_word' id='word_1_204' title='bbox 426 2921 461 2986; x_wconf 89' lang='lat' dir='ltr'>in</span> <span class='ocrx_word' id='word_1_205' title='bbox 484 2925 560 2987; x_wconf 89' lang='lat' dir='ltr'>arte</span> <span class='ocrx_word' id='word_1_206' title='bbox 584 2922 762 2987; x_wconf 89' lang='lat' dir='ltr'>observari</span> <span class='ocrx_word' id='word_1_207' title='bbox 783 2920 925 3008; x_wconf 87' lang='lat' dir='ltr'>possint,</span> <span class='ocrx_word' id='word_1_208' title='bbox 956 2919 1036 2984; x_wconf 91' lang='lat' dir='ltr'>mihi</span> <span class='ocrx_word' id='word_1_209' title='bbox 1066 2918 1169 2985; x_wconf 88' lang='lat' dir='ltr'>liceat</span> <span class='ocrx_word' id='word_1_210' title='bbox 1200 2920 1257 2985; x_wconf 92' lang='lat' dir='ltr'>ob·</span> 
     </span>
     <span class='ocr_line' id='line_1_27' title="bbox 112 3023 1257 3113; baseline -0.003 -22"><span class='ocrx_word' id='word_1_211' title='bbox 112 3024 340 3092; x_wconf 86' lang='lat' dir='ltr'>servationem</span> <span class='ocrx_word' id='word_1_212' title='bbox 362 3025 539 3113; x_wconf 90' lang='lat' dir='ltr'>parvulam</span> <span class='ocrx_word' id='word_1_213' title='bbox 562 3025 731 3113; x_wconf 84' lang='lat' dir='ltr'>proferre,</span> <span class='ocrx_word' id='word_1_214' title='bbox 756 3047 822 3112; x_wconf 90' lang='lat' dir='ltr'>qua</span> <span class='ocrx_word' id='word_1_215' title='bbox 844 3025 995 3091; x_wconf 91' lang='lat' dir='ltr'>artifices</span> <span class='ocrx_word' id='word_1_216' title='bbox 1019 3047 1060 3090; x_wconf 90' lang='lat' dir='ltr'>ex</span> <span class='ocrx_word' id='word_1_217' title='bbox 1091 3024 1166 3090; x_wconf 91' lang='lat' dir='ltr'>vita</span> <span class='ocrx_word' id='word_1_218' title='bbox 1195 3023 1257 3089; x_wconf 93' lang='lat' dir='ltr'>ali·</span> 
     </span>
     <span class='ocr_line' id='line_1_28' title="bbox 110 3127 1258 3218; baseline 0 -24"><span class='ocrx_word' id='word_1_219' title='bbox 110 3129 192 3215; x_wconf 90' lang='lat' dir='ltr'>quid</span> <span class='ocrx_word' id='word_1_220' title='bbox 226 3131 407 3217; x_wconf 89' lang='lat' dir='ltr'>sumpsisse</span> <span class='ocrx_word' id='word_1_221' title='bbox 441 3134 596 3218; x_wconf 89' lang='lat' dir='ltr'>apparet,</span> <span class='ocrx_word' id='word_1_222' title='bbox 629 3131 695 3197; x_wconf 90' lang='lat' dir='ltr'>nisi</span> <span class='ocrx_word' id='word_1_223' title='bbox 730 3129 822 3197; x_wconf 84' lang='lat' dir='ltr'>forte</span> <span class='ocrx_word' id='word_1_224' title='bbox 856 3129 1023 3217; x_wconf 89' lang='lat' dir='ltr'>quispiam</span> <span class='ocrx_word' id='word_1_225' title='bbox 1054 3127 1258 3195; x_wconf 88' lang='lat' dir='ltr'>contendere</span> 
     </span>
     <span class='ocr_line' id='line_1_29' title="bbox 113 3233 1258 3321; baseline -0.003 -21"><span class='ocrx_word' id='word_1_226' title='bbox 113 3234 199 3301; x_wconf 88' lang='lat' dir='ltr'>velit</span> <span class='ocrx_word' id='word_1_227' title='bbox 222 3258 278 3302; x_wconf 89' lang='lat' dir='ltr'>cos</span> <span class='ocrx_word' id='word_1_228' title='bbox 301 3257 373 3302; x_wconf 89' lang='lat' dir='ltr'>esse</span> <span class='ocrx_word' id='word_1_229' title='bbox 395 3235 458 3302; x_wconf 91' lang='lat' dir='ltr'>hac</span> <span class='ocrx_word' id='word_1_230' title='bbox 480 3236 516 3301; x_wconf 93' lang='lat' dir='ltr'>in</span> <span class='ocrx_word' id='word_1_231' title='bbox 538 3258 575 3302; x_wconf 93' lang='lat' dir='ltr'>re</span> <span class='ocrx_word' id='word_1_232' title='bbox 596 3235 749 3302; x_wconf 88' lang='lat' dir='ltr'>imitatos</span> <span class='ocrx_word' id='word_1_233' title='bbox 772 3235 908 3321; x_wconf 88' lang='lat' dir='ltr'>tabulas</span> <span class='ocrx_word' id='word_1_234' title='bbox 924 3233 1152 3300; x_wconf 90' lang='lat' dir='ltr'>amelioribus</span> <span class='ocrx_word' id='word_1_235' title='bbox 1172 3233 1258 3299; x_wconf 88' lang='lat' dir='ltr'>arti-</span> 
     </span>
     <span class='ocr_line' id='line_1_30' title="bbox 111 3337 1258 3427; baseline -0.003 -21"><span class='ocrx_word' id='word_1_236' title='bbox 111 3340 228 3407; x_wconf 92' lang='lat' dir='ltr'>ficibus</span> <span class='ocrx_word' id='word_1_237' title='bbox 252 3342 374 3427; x_wconf 91' lang='lat' dir='ltr'>pictas.</span> <span class='ocrx_word' id='word_1_238' title='bbox 414 3340 567 3407; x_wconf 81' lang='lat' dir='ltr'>Concedo</span> <span class='ocrx_word' id='word_1_239' title='bbox 589 3341 698 3427; x_wconf 87' lang='lat' dir='ltr'>igitur</span> <span class='ocrx_word' id='word_1_240' title='bbox 713 3339 917 3407; x_wconf 87' lang='lat' dir='ltr'>Loeschchio</span> <span class='ocrx_word' id='word_1_241' title='bbox 934 3338 1081 3404; x_wconf 90' lang='lat' dir='ltr'>artifices</span> <span class='ocrx_word' id='word_1_242' title='bbox 1098 3337 1258 3425; x_wconf 86' lang='lat' dir='ltr'>quosdam</span> 
     </span>
     <span class='ocr_line' id='line_1_31' title="bbox 113 3433 1311 3533; baseline -0.003 -21"><span class='ocrx_word' id='word_1_243' title='bbox 113 3446 192 3512; x_wconf 91' lang='lat' dir='ltr'>olim</span> <span class='ocrx_word' id='word_1_244' title='bbox 216 3445 329 3512; x_wconf 90' lang='lat' dir='ltr'>exeis</span> <span class='ocrx_word' id='word_1_245' title='bbox 352 3445 564 3531; x_wconf 87' lang='lat' dir='ltr'>imaginibus,</span> <span class='ocrx_word' id='word_1_246' title='bbox 596 3447 714 3533; x_wconf 90' lang='lat' dir='ltr'>quibus</span> <span class='ocrx_word' id='word_1_247' title='bbox 738 3446 802 3512; x_wconf 92' lang='lat' dir='ltr'>soli</span> <span class='ocrx_word' id='word_1_248' title='bbox 825 3445 959 3531; x_wconf 89' lang='lat' dir='ltr'>lepores</span> <span class='ocrx_word' id='word_1_249' title='bbox 982 3447 1043 3509; x_wconf 92' lang='lat' dir='ltr'>aut</span> <span class='ocrx_word' id='word_1_250' title='bbox 1066 3443 1130 3509; x_wconf 90' lang='lat' dir='ltr'>soli</span> <span class='ocrx_word' id='word_1_251' title='bbox 1158 3465 1257 3509; x_wconf 90' lang='lat' dir='ltr'>canes</span> <span class='ocrx_word' id='word_1_252' title='bbox 1309 3433 1311 3438; x_wconf 40' lang='lat'><strong>¹</strong></span> 
     </span>
     <span class='ocr_line' id='line_1_32' title="bbox 113 3548 1258 3639; baseline -0.003 -22"><span class='ocrx_word' id='word_1_253' title='bbox 113 3550 327 3633; x_wconf 88' lang='lat' dir='ltr'>exhibentur,</span> <span class='ocrx_word' id='word_1_254' title='bbox 350 3549 477 3637; x_wconf 92' lang='lat' dir='ltr'>leporis</span> <span class='ocrx_word' id='word_1_255' title='bbox 499 3551 639 3639; x_wconf 89' lang='lat' dir='ltr'>proprie</span> <span class='ocrx_word' id='word_1_256' title='bbox 655 3550 780 3616; x_wconf 91' lang='lat' dir='ltr'>dictam</span> <span class='ocrx_word' id='word_1_257' title='bbox 795 3550 1010 3618; x_wconf 91' lang='lat' dir='ltr'>venationem</span> <span class='ocrx_word' id='word_1_258' title='bbox 1025 3548 1258 3636; x_wconf 89' lang='lat' dir='ltr'>composuisse.</span> 
     </span>
     <span class='ocr_line' id='line_1_33' title="bbox 112 3655 1258 3743; baseline -0.002 -23"><span class='ocrx_word' id='word_1_259' title='bbox 112 3655 315 3743; x_wconf 91' lang='lat' dir='ltr'>Plerumque</span> <span class='ocrx_word' id='word_1_260' title='bbox 337 3659 458 3743; x_wconf 89' lang='lat' dir='ltr'>postea</span> <span class='ocrx_word' id='word_1_261' title='bbox 479 3679 565 3722; x_wconf 89' lang='lat' dir='ltr'>uuus</span> <span class='ocrx_word' id='word_1_262' title='bbox 589 3656 684 3743; x_wconf 90' lang='lat' dir='ltr'>lepus</span> <span class='ocrx_word' id='word_1_263' title='bbox 712 3656 855 3742; x_wconf 78' lang='lat' dir='ltr'>fugatur</span> <span class='ocrx_word' id='word_1_264' title='bbox 884 3655 1101 3722; x_wconf 90' lang='lat' dir='ltr'>multitudine</span> <span class='ocrx_word' id='word_1_265' title='bbox 1131 3676 1258 3720; x_wconf 89' lang='lat' dir='ltr'>canum.</span> 
     </span>
    </p>
   </div>
   <div class='ocr_carea' id='block_1_3' title="bbox 203 3795 1262 4050">
    <p class='ocr_par' dir='ltr' id='par_1_3' title="bbox 203 3795 1262 4050">
     <span class='ocr_line' id='line_1_34' title="bbox 204 3795 830 3867; baseline 0.003 -18"><span class='ocrx_word' id='word_1_266' title='bbox 204 3798 251 3867; x_wconf 86' lang='grc'>46)</span> <span class='ocrx_word' id='word_1_267' title='bbox 269 3801 337 3850; x_wconf 79' lang='lat' dir='ltr'>Ana.</span> <span class='ocrx_word' id='word_1_268' title='bbox 356 3795 383 3850; x_wconf 93' lang='lat' dir='ltr'>d.</span> <span class='ocrx_word' id='word_1_269' title='bbox 402 3795 499 3851; x_wconf 86' lang='lat' dir='ltr'>Jahrb.</span> <span class='ocrx_word' id='word_1_270' title='bbox 521 3800 552 3850; x_wconf 85' lang='lat'>13</span> <span class='ocrx_word' id='word_1_271' title='bbox 575 3797 669 3866; x_wconf 82' lang='lat'><strong>(1898)</strong></span> <span class='ocrx_word' id='word_1_272' title='bbox 688 3811 750 3864; x_wconf 86' lang='lat' dir='ltr'>pag.</span> <span class='ocrx_word' id='word_1_273' title='bbox 772 3799 830 3851; x_wconf 85' lang='lat'>140.</span> 
     </span>
     <span class='ocr_line' id='line_1_35' title="bbox 203 3888 660 3959; baseline 0.002 -17"><span class='ocrx_word' id='word_1_274' title='bbox 203 3891 251 3959; x_wconf 86' lang='grc'>47)</span> <span class='ocrx_word' id='word_1_275' title='bbox 270 3888 366 3943; x_wconf 87' lang='lat' dir='ltr'>Jahrb.</span> <span class='ocrx_word' id='word_1_276' title='bbox 386 3891 402 3943; x_wconf 84' lang='lat'>2</span> <span class='ocrx_word' id='word_1_277' title='bbox 422 3891 517 3959; x_wconf 84' lang='lat'>(1887)</span> <span class='ocrx_word' id='word_1_278' title='bbox 534 3905 597 3958; x_wconf 85' lang='lat' dir='ltr'>pag.</span> <span class='ocrx_word' id='word_1_279' title='bbox 617 3891 660 3943; x_wconf 86' lang='lat'>48.</span> 
     </span>
     <span class='ocr_line' id='line_1_36' title="bbox 203 3977 1262 4050; baseline 0 -19"><span class='ocrx_word' id='word_1_280' title='bbox 203 3980 252 4050; x_wconf 87' lang='grc'>48)</span> <span class='ocrx_word' id='word_1_281' title='bbox 271 3977 306 4032; x_wconf 88' lang='lat' dir='ltr'>cf.</span> <span class='ocrx_word' id='word_1_282' title='bbox 331 3978 417 4034; x_wconf 88' lang='lat' dir='ltr'>Louis</span> <span class='ocrx_word' id='word_1_283' title='bbox 444 3979 548 4034; x_wconf 85' lang='lat' dir='ltr'>Couve:</span> <span class='ocrx_word' id='word_1_284' title='bbox 573 3977 667 4032; x_wconf 84' lang='lat' dir='ltr'>Revue</span> <span class='ocrx_word' id='word_1_285' title='bbox 694 3978 813 4032; x_wconf 78' lang='lat' dir='ltr'>archeol.</span> <span class='ocrx_word' id='word_1_286' title='bbox 834 3977 890 4034; x_wconf 87' lang='lat' dir='ltr'>S.3</span> <span class='ocrx_word' id='word_1_287' title='bbox 910 3977 941 4032; x_wconf 91' lang='lat' dir='ltr'>T.</span> <span class='ocrx_word' id='word_1_288' title='bbox 955 3981 989 4033; x_wconf 83' lang='lat'>32</span> <span class='ocrx_word' id='word_1_289' title='bbox 1009 3980 1102 4046; x_wconf 84' lang='lat'><strong>(1898)</strong></span> <span class='ocrx_word' id='word_1_290' title='bbox 1127 3991 1190 4044; x_wconf 87' lang='lat' dir='ltr'>pag.</span> <span class='ocrx_word' id='word_1_291' title='bbox 1210 3979 1262 4031; x_wconf 82' lang='lat'>216</span> 
     </span>
    </p>
   </div>
   <div class='ocr_carea' id='block_1_4' title="bbox 116 4064 1263 4211">
    <p class='ocr_par' dir='ltr' id='par_1_4' title="bbox 116 4064 1263 4211">
     <span class='ocr_line' id='line_1_37' title="bbox 117 4064 1263 4137; baseline -0.002 -16"><span class='ocrx_word' id='word_1_292' title='bbox 117 4107 166 4121; x_wconf 87' lang='lat'>...</span> <span class='ocrx_word' id='word_1_293' title='bbox 185 4073 307 4136; x_wconf 87' lang='lat' dir='ltr'>partout,</span> <span class='ocrx_word' id='word_1_294' title='bbox 327 4073 399 4123; x_wconf 86' lang='lat' dir='ltr'>cette</span> <span class='ocrx_word' id='word_1_295' title='bbox 418 4067 486 4123; x_wconf 86' lang='lat' dir='ltr'>frise</span> <span class='ocrx_word' id='word_1_296' title='bbox 505 4067 665 4124; x_wconf 87' lang='lat' dir='ltr'>secondaire</span> <span class='ocrx_word' id='word_1_297' title='bbox 683 4070 845 4137; x_wconf 80' lang='lat' dir='ltr'>representa</span> <span class='ocrx_word' id='word_1_298' title='bbox 863 4068 889 4121; x_wconf 92' lang='lat' dir='ltr'>le</span> <span class='ocrx_word' id='word_1_299' title='bbox 908 4069 980 4136; x_wconf 88' lang='lat' dir='ltr'>sujet</span> <span class='ocrx_word' id='word_1_300' title='bbox 1000 4066 1034 4121; x_wconf 88' lang='lat' dir='ltr'>de</span> <span class='ocrx_word' id='word_1_301' title='bbox 1051 4068 1080 4121; x_wconf 90' lang='lat' dir='ltr'>la</span> <span class='ocrx_word' id='word_1_302' title='bbox 1106 4065 1203 4120; x_wconf 86' lang='lat' dir='ltr'>chasse</span> <span class='ocrx_word' id='word_1_303' title='bbox 1228 4064 1263 4120; x_wconf 92' lang='grc'>10</span> 
     </span>
     <span class='ocr_line' id='line_1_38' title="bbox 116 4156 209 4211; baseline 0.022 -2"><span class='ocrx_word' id='word_1_304' title='bbox 116 4156 209 4211; x_wconf 82' lang='lat' dir='ltr'>lievre.</span> 
     </span>
    </p>
   </div>
   <div class='ocr_carea' id='block_1_5' title="bbox 116 4246 1263 4399">
    <p class='ocr_par' dir='ltr' id='par_1_5' title="bbox 116 4246 1263 4399">
     <span class='ocr_line' id='line_1_39' title="bbox 206 4246 1263 4318; baseline -0.003 -16"><span class='ocrx_word' id='word_1_305' title='bbox 206 4249 253 4318; x_wconf 82' lang='grc'>49)</span> <span class='ocrx_word' id='word_1_306' title='bbox 274 4248 352 4318; x_wconf 82' lang='lat' dir='ltr'>„weil</span> <span class='ocrx_word' id='word_1_307' title='bbox 380 4248 456 4303; x_wconf 89' lang='lat' dir='ltr'>einer</span> <span class='ocrx_word' id='word_1_308' title='bbox 479 4247 699 4303; x_wconf 78' lang='lat' dir='ltr'>ubervundenen</span> <span class='ocrx_word' id='word_1_309' title='bbox 727 4246 993 4316; x_wconf 82' lang='lat' dir='ltr'>Verzierrmgsveise</span> <span class='ocrx_word' id='word_1_310' title='bbox 1020 4246 1179 4315; x_wconf 82' lang='lat' dir='ltr'>angeh&#39;o&#39;rig,</span> <span class='ocrx_word' id='word_1_311' title='bbox 1210 4261 1263 4300; x_wconf 92' lang='lat' dir='ltr'>nur</span> 
     </span>
     <span class='ocr_line' id='line_1_40' title="bbox 116 4335 648 4399; baseline 0.006 -9"><span class='ocrx_word' id='word_1_312' title='bbox 116 4336 187 4390; x_wconf 91' lang='lat' dir='ltr'>noch</span> <span class='ocrx_word' id='word_1_313' title='bbox 206 4337 248 4392; x_wconf 84' lang='lat' dir='ltr'>als</span> <span class='ocrx_word' id='word_1_314' title='bbox 267 4336 452 4393; x_wconf 85' lang='lat' dir='ltr'>Schulterbild</span> <span class='ocrx_word' id='word_1_315' title='bbox 470 4335 648 4399; x_wconf 81' lang='lat' dir='ltr'>verwendet.“</span> 
     </span>
    </p>
   </div>
   <div class='ocr_carea' id='block_1_6' title="bbox 0 0 1460 4734">
    <p class='ocr_par' dir='ltr' id='par_1_6' title="bbox 0 0 1460 4734">
     <span class='ocr_line' id='line_1_41' title="bbox 0 0 1460 4734; baseline 0 0"><span class='ocrx_word' id='word_1_316' title='bbox 0 0 1460 4734; x_wconf 95' lang='lat' dir='ltr'> </span> 
     </span>
    </p>
   </div>
  </div>
 </body>
</html>
