2880 4734
676 249 718 316 19

127 413 384 482 demonstravit.
418 414 513 482 Idem
529 414 625 484 valet
640 414 681 481 de
697 414 899 501 imaginibus
917 416 1045 482 duabus
1058 415 1275 500 ¹Caeretanis,
1375 421 1381 427 ’

126 542 214 608 qnae
235 519 454 586 nominantur
466 519 524 605 ⁷⁵).‘
558 520 600 586 In
622 519 736 587 altera
758 542 870 606 eques,
903 520 940 585 in
971 520 1084 587 altera
1115 519 1276 608 pedester

126 629 272 693 venator
295 647 413 693 cervos
445 624 613 711 palmatos
641 625 871 712 persequitur.
917 624 974 691 Ad
996 624 1175 692 Graeciam
1198 648 1275 713 per-

126 730 218 799 tinet
240 730 299 798 ille
320 731 444 798 nobilis
467 753 598 813 cervus,
630 730 688 818 qui
709 751 875 818 persaepe
902 730 938 795 in
961 729 1054 796 zonis
1078 730 1276 817 antiquissi-

125 859 257 903 morum
280 835 444 904 Graeciae
466 835 683 904 vasculorum
705 834 888 903 invenitur.

213 941 330 1008 Prima
360 941 566 1024 testimonia,
602 942 720 1028 quibus
753 963 871 1008 cervos
903 941 941 1007 in
962 941 1084 1009 Attica
1115 940 1275 1028 praedam

125 1051 327 1114 venatorum
365 1046 471 1113 fuisse
509 1049 685 1134 probatur,
725 1050 805 1113 sunt
841 1046 996 1133 picturae
1029 1046 1118 1133 nigr.
1153 1046 1209 1133 fig.
1239 1045 1276 1112 in

125 1151 298 1239 amphoris
311 1150 359 1238 ²⁶).
419 1150 514 1233 Quae
551 1151 713 1237 imagines
752 1173 865 1218 omues
906 1151 1022 1218 eodem
1058 1151 1156 1218 modo
1195 1155 1276 1218 sunt

125 1256 342 1343 compositae,
377 1260 417 1323 ut
450 1278 570 1323 cervus
606 1255 733 1322 medius
767 1255 814 1322 sit
844 1255 956 1343 pictus
988 1261 1024 1323 et
1055 1258 1097 1322 ab
1128 1260 1275 1343 utraque

124 1365 227 1448 parte
261 1365 443 1429 venatores
475 1364 658 1428 accurrant
687 1361 765 1448 pari
800 1384 937 1428 numero
972 1361 1166 1448 habituque,
1202 1361 1274 1428 sive

126 1466 198 1534 bini
230 1460 294 1534 soli
326 1467 457 1555 equites
487 1470 612 1555 petunt
643 1489 778 1534 cervum
810 1467 883 1534 sive
915 1467 1118 1554 adequitant
1148 1466 1275 1553 singuli

125 1572 259 1660 equites
282 1577 319 1640 et
341 1577 421 1659 post
442 1573 593 1661 quemvis
610 1572 757 1660 equitem
777 1572 929 1639 accurrit
943 1572 1105 1659 pedester
1119 1575 1274 1653 venator,

125 1677 186 1765 qui
216 1677 316 1745 laeva
348 1699 448 1744 mauu
470 1682 601 1745 vestem
624 1682 661 1744 et
684 1677 807 1744 dextra
834 1677 943 1743 telum
964 1681 1068 1744 tenet.
1113 1676 1274 1743 Addatur

124 1782 313 1870 legitimam
336 1782 518 1868 imaginum
540 1782 814 1870 compositionem
837 1804 911 1848 eam
934 1804 1017 1864 esse,
1040 1787 1081 1849 ut
1103 1804 1274 1848 cervum

126 1888 300 1975 equites
325 1887 491 1975 (quamvis
514 1888 686 1955 interdum
701 1910 721 1953 a
738 1887 910 1975 peditibus
928 1887 1104 1971 comitati),
1128 1909 1275 1974 aprum

126 1996 242 2060 autem
276 1997 460 2060 venatores
493 1993 724 2080 pedestres
758 1992 1008 2078 ingrediantur.
1060 1993 1157 2059 Nunc
1191 2013 1274 2057 vero

125 2097 228 2185 plane
251 2097 366 2164 eadem
387 2098 530 2179 ratione,
564 2120 630 2185 qua
652 2120 830 2164 cervorum
851 2098 1050 2165 venationes
1074 2097 1273 2184 pinguntur,

126 2201 204 2290 apri
236 2206 381 2269 venatus
415 2203 452 2267 in
483 2202 605 2268 Attica
641 2202 765 2288 hydria
777 2201 816 2287 Π)
848 2202 1051 2288 compositus
1085 2205 1146 2268 est.
1191 2199 1275 2265 Mihi

125 2329 325 2396 persuasum
357 2312 410 2375 est
431 2307 518 2373 hunc
541 2330 659 2395 aprum
683 2307 774 2374 cervi
805 2308 914 2373 locum
947 2306 1134 2373 obtinuisse
1167 2328 1274 2393 neque
1333 2301 1340 2312 ’

52 2469 55 2472 .
125 2412 188 2480 ]”1]ο
210 2417 363 2501 tempore
385 2413 524 2481 iuvenes
548 2413 642 2501 equis
665 2411 743 2478 vehi
766 2412 885 2479 solitos
915 2435 999 2494 esse,
1029 2416 1071 2479 ut
1093 2434 1194 2499 apros
1217 2433 1284 2486 ver

124 2521 302 2589 narentur.

214 2621 344 2688 Contra
366 2622 449 2689 item
471 2622 611 2689 credere
625 2622 707 2688 licet
722 2621 872 2688 artifices
895 2643 968 2688 esse
984 2621 1061 2707 apri
1075 2621 1273 2688 venationes

125 2727 289 2808 imitatos,
313 2750 387 2793 cum
410 2728 502 2793 cervi
525 2731 706 2793 venatores
724 2726 899 2813 pedestres
915 2726 1107 2814 pingerent.
1152 2726 1275 2792 Peleus

127 2835 164 2898 et
185 2832 324 2899 comites
347 2836 421 2898 tres
445 2832 516 2898 eius
539 2836 680 2918 captant
711 2833 807 2920 quasi
840 2831 972 2918 pedites
999 2852 1136 2897 cervum
1157 2830 1193 2895 in
1215 2852 1275 2895 va-

128 2937 219 3004 sculo
242 2938 314 3021 illo,
337 2938 391 3003 cui
406 2937 552 3004 interior
567 2938 677 3024 imago
690 2936 845 3003 Thetidis
868 2959 988 3003 nomen
1002 2935 1039 3019 78)
1062 2936 1164 3003 dedit.
1210 2937 1275 3002 Hic

126 3042 238 3129 pictor
271 3044 363 3109 cervi
393 3043 608 3110 venationem
637 3042 843 3129 adaequavit
867 3041 1079 3128 Calydoniae
1100 3042 1136 3106 in
1159 3041 1273 3107 altera

126 3151 227 3234 parte
250 3149 390 3234 positae.
436 3147 625 3214 Praeterea
646 3147 797 3214 fortasse
822 3146 972 3214 artifices
991 3169 1027 3212 se
1042 3146 1163 3212 heroes
1179 3147 1273 3233 equis

128 3251 288 3320 vehentes
327 3254 469 3341 pingere
505 3255 633 3321 vetitos
672 3276 744 3320 esse
776 3255 955 3340 putabant,
995 3253 1062 3318 nisi
1096 3252 1143 3318 eis
1177 3251 1274 3319 velut

128 3359 325 3429 Castoribus
349 3362 385 3428 in
407 3361 531 3429 fabulis
556 3363 633 3449 equi
655 3366 764 3429 eraut.

214 3465 343 3548 Quibus
367 3467 527 3554 exemplis
550 3467 586 3533 id
609 3471 754 3554 apparet
775 3465 947 3532 rarissime
972 3467 1014 3531 ab
1032 3469 1151 3531 octavo
1168 3486 1274 3551 usque

127 3568 171 3634 ad
200 3573 360 3657 quartum
391 3572 559 3637 saeculum
581 3592 611 3637 a.
637 3569 713 3636 Chr.
737 3594 768 3635 n.
792 3592 888 3636 usum
920 3578 956 3635 et
987 3572 1097 3635 artem
1129 3567 1274 3635 venandi

66 3758 68 3764 Ι
127 3672 228 3760 plane
262 3673 303 3741 de
325 3675 400 3742 vita
422 3697 497 3743 esse
520 3697 690 3763 expressa,
724 3675 783 3740 sed
805 3674 932 3741 iterum
962 3674 1154 3759 iterumque
1176 3693 1272 3758 prae-

218 3850 354 3918 75)Bu11.
382 3848 416 3905 de
445 3868 514 3906 corr.
541 3851 603 3905 hell.
623 3851 688 3905 XVI
707 3853 799 3920 (1892)
825 3869 851 3919 p.
872 3853 924 3904 259
943 3849 986 3919 fig.
1008 3854 1031 3904 8.
1073 3856 1142 3903 Ann.
1161 3847 1187 3902 d.
1206 3849 1272 3901 Iust.

130 3940 198 3992 18⁵⁹
217 3938 274 4116 23¹]
284 3939 356 4116 gig·
407 4013 526 4114 aquia:
547 4011 633 4114 chax
652 4012 686 4066 ee
704 4029 783 4068 vaes
804 4013 838 4067 ee
856 4010 956 4081 neyae.
977 4012 1033 4065 aaa.
1052 4011 1125 4079 mx,
1149 4016 1170 4063 1.

406 4101 515 4156 Micah:
536 4101 628 4155 Stoma
646 4103 702 4155 tab.
724 4106 766 4155 89.

337 4188 371 4244 cf.
390 4190 528 4259 Hartvig:
549 4190 775 4244 Meisterschaleu
794 4190 866 4243 LIII.

219 4279 265 4348 77)
283 4277 422 4334 Walters:
441 4279 555 4349 History
574 4278 605 4332 of
622 4280 731 4332 ancient
750 4284 861 4348 pottery
880 4277 1041 4349 (Titerild).

218 4370 263 4436 78)
283 4368 376 4424 Berlin
394 4373 465 4426 2538
483 4370 577 4441 (Geth.
596 4371 703 4424 Auserl.
724 4371 786 4424 Vas.
806 4372 909 4441 32728).
1022 4443 1065 4508 2*
