2880 4734
700 211 744 277 44

155 385 288 474 quidem
311 386 467 473 scriptor,
491 384 550 453 sed
573 386 703 473 mugnis
727 385 906 454 itineribus
930 385 1088 454 derebus
1105 385 1294 456 domesticis

154 491 298 559 aliarum
322 491 499 559 civitatum
522 491 650 559 certior
667 491 778 559 factus
793 497 953 559 venatum
969 494 1052 559 bene
1068 492 1177 561 novit
1216 493 1296 561 Nan

154 596 308 684 exempla
337 596 507 684 depromit
536 619 577 662 ex
607 620 644 664 re
673 596 832 664 venatica
855 619 882 683 e,
899 619 932 684 g.
956 619 1029 663 oum
1056 597 1225 666 describit
1245 599 1295 665 bo·

154 701 270 784 mines,
295 701 353 788 qui
366 700 463 789 quasi
478 700 649 769 dementes
664 701 912 787 aggrediantur
924 700 977 787 ¹⁰¹)
1000 703 1111 786 ὥσπερ
1127 703 1163 768 οἱ
1176 703 1295 787 κάπροι

154 808 190 873 οἱ
203 809 287 891 πρὸς
302 809 364 891 τὴν
379 808 510 890 πληγὴν
527 807 627 890 ὁμόσε
643 807 845 889 ὠθούμενοι.
883 805 1068 873 Praeterea
1084 827 1187 893 saepe
1202 830 1297 876 canes

152 910 272 979 laudat
293 933 361 978 non
377 911 484 978 solum
499 915 683 999 pastorum,
707 934 849 999 quorum
864 933 962 978 canes
978 933 1087 980 mares
1103 915 1140 980 et
1155 912 1298 981 feminae

154 1038 221 1083 nna
243 1017 438 1085 custodiant
461 1021 497 1084 et
512 1038 579 1083 una
594 1016 686 1084 ferus
702 1020 869 1084 venentur
880 1017 941 1103 ¹⁹²),
965 1016 1144 1085 sedetiam
1158 1018 1298 1102 nobiles,

152 1145 292 1209 quorum
316 1123 481 1189 virtutem
502 1120 750 1210 praedicat¹⁹⁸).
790 1121 860 1189 Hos
885 1121 991 1189 fuisse
1006 1144 1105 1190 canes
1121 1124 1295 1191 venaticos

152 1226 233 1293 mihi
256 1248 298 1294 ex
321 1228 369 1294 eis
392 1249 478 1314 quae
501 1229 687 1313 sequuntur
707 1247 905 1314 persuasum
929 1231 991 1295 est.
1037 1226 1186 1295 Athenis
1211 1228 1297 1295 enim

149 1331 212 1399 illa
234 1336 350 1400 aetate
366 1334 548 1400 exstabant
563 1331 723 1414 homines,
748 1331 806 1419 qui
824 1353 865 1398 cx
881 1331 992 1398 officio
1009 1336 1110 1399 erant
1123 1340 1296 1418 θηρευταί.

149 1437 239 1521 Quid
261 1459 377 1504 eorum
398 1459 517 1503 munus
541 1435 647 1502 fuerit
668 1458 735 1502 non
758 1439 903 1503 constet.
938 1436 1026 1503 Num
1049 1459 1149 1505 canes
1165 1437 1295 1505 nobiles

149 1541 402 1610 educaverunt?
448 1540 597 1608 Feresne
619 1541 655 1607 in
678 1562 792 1608 cenam
814 1540 1049 1628 paraverunt?
1086 1542 1141 1608 bie
1164 1544 1297 1611 nescire

149 1649 322 1716 confiteor.
367 1646 468 1715 Plato
492 1650 605 1713 autem
628 1669 686 1714 eos
708 1646 813 1714 habet
835 1646 870 1712 in
892 1669 1030 1713 numero
1054 1669 1171 1714 eorum
1193 1647 1297 1715 homi-

148 1777 236 1837 num,
261 1755 380 1841 quibus
404 1754 439 1820 in
463 1755 545 1819 urbe
569 1756 710 1819 strenua
733 1756 769 1819 et
791 1775 912 1820 severa
933 1775 1098 1842 nonopus
1115 1753 1172 1822 sit.
1210 1755 1297 1823 Nam

148 1883 216 1926 una
225 1883 298 1926 cunr
308 1859 484 1926 inutilibus
495 1858 683 1925 artificibus
700 1880 757 1925 eos
768 1857 996 1945 increpat¹⁹⁴).
1019 1857 1113 1927 Telis
1125 1864 1295 1947 θηρευτὴς

149 1964 221 2031 sive
250 1964 407 2031 hocloco
430 1964 544 2051 potius
567 1964 750 2047 κυνηγέτης
778 1963 814 2029 in
835 1963 1087 2052 Eutbyphrone
1109 1985 1131 2031 a
1153 1965 1297 2034 Socrate

149 2068 306 2154 intellegi
340 2068 486 2151 videtur,
530 2091 604 2135 cum
635 2067 667 2135 S.
700 2068 799 2135 docet
812 2068 864 2154 1υὸ)
900 2070 993 2134 osor
1023 2093 1060 2152 γε
1092 2070 1198 2147 κύνας
1232 2081 1295 2150 πᾶς

150 2174 320 2241 ἐπίσταται
335 2176 537 2259 θεραπεύειν
553 2173 636 2238 ἄλλα
651 2174 669 2239 ὁ
684 2176 908 2257 ιιυνηγετικός.
946 2176 1041 2241 Eoo·
1067 2174 1193 2252 Οὕτως.
1219 2180 1296 2242 Σαι·

147 2279 196 2345 Ἥ
217 2281 280 2364 γάρ
304 2304 371 2346 που
393 2280 591 2364 κυνηγετικὴ
620 2291 733 2344 κυνῶν
755 2283 928 2362 θεραπεία.
974 2277 1040 2346 Sed
1069 2279 1132 2346 hac
1161 2302 1200 2347 re
1229 2304 1296 2348 non

150 2389 306 2452 vetamur
338 2384 476 2452 credere
507 2383 637 2451 nobiles
670 2382 808 2450 iuvenes
840 2383 931 2471 ipsos
964 2407 1094 2472 quoque
1122 2384 1295 2452 interdum

142 2488 350 2577 lepusculum
374 2511 447 2554 esse
470 2492 621 2555 venatos.
668 2487 882 2569 Quinetiam
911 2487 947 2554 in
970 2487 1153 2557 Glauconis
1183 2489 1291 2578 ipsius

144 2594 240 2659 domo
264 2615 362 2660 canes
386 2593 559 2660 venaticas
583 2593 629 2659 ali
653 2596 798 2680 apparet
820 2616 861 2659 ex
880 2593 931 2660 his
948 2593 1062 2661 verbis
1073 2592 1127 2680 106)
1144 2596 1214 2679 ὁρῶ
1231 2597 1293 2680 γάρ

145 2719 208 2765 σου
241 2699 277 2764 ἐν
308 2708 348 2784 τῇ
371 2701 459 2784 οἰκίᾳ
481 2698 535 2763 καὶ
564 2701 668 2775 κύνας
696 2702 919 2783 θηρευτικοὺς
948 2697 1003 2764 καὶ
1032 2711 1100 2764 τῶν
1128 2706 1295 2783 γενναίων

145 2805 295 2885 ὀρνίθων
310 2805 398 2887 μάλα
413 2806 567 2888 συχνούς.
603 2803 669 2884 Qui
686 2803 775 2870 tales
792 2825 890 2870 canes
906 2808 987 2871 ante
1003 2803 1117 2871 oculos
1131 2803 1293 2890 habebat,

147 2910 258 2976 dicere
281 2930 412 2996 quoque
443 2907 570 2975 sciebat
599 2910 680 2973 κατὰ
711 2908 813 2974 ταύτὰ
845 2915 920 2994 ἴχνη
952 2919 1055 2974 ταῦτα
1085 2911 1218 2977 διώκων
1233 2911 1294 2998 ¹⁰⁷).

233 3014 331 3080 Nunc
364 3013 551 3100 quaeritur,
587 3036 653 3100 quo
685 3013 786 3080 Pluto
823 3014 895 3101 ipse
928 3013 1039 3082 animo
1073 3016 1294 3085 exercendam

148 3122 258 3186 artem
280 3117 427 3186 venandi
442 3118 655 3185 iudicaverit.
694 3117 873 3186 Sententia
889 3117 960 3185 eius
975 3120 1098 3206 patefit
1113 3141 1155 3185 ex
1170 3120 1293 3189 ultimo

147 3224 259 3312 capite
282 3223 418 3312 septimi
439 3222 569 3309 Legum
600 3224 690 3290 libri.
736 3224 860 3291 Utrum
892 3247 954 3292 sua
987 3232 1104 3312 sponte
1135 3247 1180 3293 an
1211 3227 1293 3314 quia

145 3328 335 3396 sententiae
362 3328 552 3417 aequalium
583 3329 792 3416 quorundam
820 3329 1100 3418 adstipularetur,
1131 3337 1294 3399 venatum

144 3433 177 3498 in
191 3434 364 3501 civitatem
378 3456 470 3501 suam
480 3433 664 3514 induxerit,
677 3433 928 3500 Radermacher
940 3434 991 3520 198)
1001 3434 1293 3523 dubitatpropter

144 3538 305 3620 cautelas,
329 3539 448 3624 quibus
465 3538 566 3604 Plato
591 3561 665 3604 eum
687 3538 963 3626 praestrinxerit.
998 3539 1111 3606 Etiam
1136 3541 1291 3609 severius

145 3642 387 3710 Constantinus
411 3643 530 3709 Ritter
564 3643 605 3709 de
628 3642 688 3708 boc
717 3643 829 3730 capite
861 3642 1031 3731 loquitur:
1066 3644 1113 3712 ‘Si
1143 3646 1226 3733 quid
1259 3646 1295 3714 in

141 3747 290 3834 Legibus
302 3747 456 3815 Platonis
468 3770 536 3812 non
548 3751 611 3828 est,
623 3748 684 3815 boc
697 3749 769 3815 est’.
795 3747 861 3816 Sed
874 3749 925 3832 R„
943 3772 1142 3837 quamquam
1157 3752 1293 3838 gravis-
1338 3810 1343 3823 .

143 3854 225 3919 sime
248 3852 433 3939 vituperat,
464 3854 698 3920 excusationes
722 3854 858 3941 quaerit
881 3854 975 3921 ‘elati
997 3857 1148 3923 contorti
1169 3858 1290 3925 sancti’

232 4031 294 4098 191)
313 4029 476 4098 Euthydem.
497 4034 557 4085 294.
677 4034 737 4097 192)
758 4032 800 4084 De
819 4031 936 4101 Republ.
956 4035 1024 4100 4513
1043 4034 1103 4088 466,

233 4121 295 4188 193)
314 4120 356 4173 De
375 4119 408 4173 R.
428 4124 479 4174 375
489 4136 513 4188 a,
533 4123 584 4174 335
594 4121 619 4175 b.
781 4123 842 4189 194)
861 4121 911 4175 De.
931 4121 964 4174 R.
985 4125 1036 4176 373
1045 4123 1070 4175 b.

231 4213 294 4276 195)
314 4210 468 4280 Euthypbr.
489 4212 530 4265 13.
652 4212 713 4278 196)
732 4210 775 4264 De
796 4209 912 4279 Republ.
932 4214 992 4265 459.
1118 4215 1181 4284 197)
1200 4212 1290 4270 seed

233 4303 294 4368 198)
313 4301 383 4354 Mus.
403 4299 490 4354 Rhen.
512 4304 544 4353 51
566 4302 658 4368 (1896)
676 4317 702 4368 p.
723 4303 784 4354 628.
