2880 4734
703 216 725 282 4

232 388 331 473 Quod
352 387 571 476 partitionem
594 386 748 478 opusculi
769 388 835 456 mei
850 387 987 471 attinet,
1012 386 1192 455 concedere
1207 387 1289 454 mihi

145 516 229 582 opus
254 497 308 562 est
330 497 423 560 certo
446 516 514 560 non
536 493 713 561 defuturos
730 494 897 580 esse‚.qui
916 493 1092 560 materiem
1107 492 1174 559 alio
1190 492 1288 560 modo

146 599 268 687 exponi
291 599 413 666 malint
436 601 472 665 et
493 598 679 688 postulent,
711 602 752 665 nt
781 601 1071 664 monumentorum
1094 601 1130 665 et
1151 598 1289 666 littera-

143 728 218 771 rum
240 704 436 772 testimonia
458 704 569 771 artius
602 703 693 770 inter
716 726 752 770 se
775 704 954 772 coniuncta
984 708 1186 771 tractentur.
1231 704 1289 769 Li-

144 813 264 879 benter
296 810 344 876 eis
377 811 555 876 obsecutus
588 831 704 893 essem,
738 809 768 876 si
788 808 825 875 id
855 808 941 876 utile
963 809 1038 876 fore
1069 810 1288 896 putavissem.

144 916 315 983 Obstabat
337 917 450 982 autem
473 914 621 982 studium
643 936 762 996 meum,
794 913 923 981 lucidas
947 917 983 981 et
1005 917 1144 1002 apertas
1173 936 1229 980 res
1253 914 1289 979 in

144 1020 340 1088 memoriam
362 1023 498 1087 tantum
527 1042 699 1102 revocare,
728 1019 838 1088 fusius
861 1023 976 1086 autem
1006 1019 1177 1107 explicare
1200 1019 1288 1093 diffi-

143 1126 288 1193 ciliores.
333 1124 407 1192 Hac
430 1125 471 1192 de
493 1147 595 1193 causa
617 1125 699 1192 mihi
725 1125 839 1214 aptius
863 1124 1044 1192 videbatur
1073 1129 1289 1191 monumenta

144 1234 180 1299 et
202 1232 385 1320 scriptores
409 1253 590 1298 secernere.

374 1789 418 1858 ne
441 1787 572 1858 heroice
594 1804 675 1872 ocae
697 1803 777 1857 ncnc
800 1786 915 1857 dicitur
936 1789 1057 1856 aetate.

232 1931 271 1999 Si
292 1933 367 2020 quis
398 1932 498 1999 hodie
520 1933 562 2000 de
592 1931 779 1998 incolarum
802 1929 967 1999 Graeciae
999 1930 1111 1998 studio
1143 1929 1291 1998 venandi

145 2038 292 2105 scribere
315 2036 472 2120 voluerit,
496 2037 652 2104 neniam
674 2060 717 2104 ex
738 2036 885 2104 Homero
908 2036 1056 2124 incipere
1079 2036 1204 2119 licebit,
1230 2036 1291 2103 sed

143 2146 359 2211 monumenta
392 2164 479 2230 quae
504 2141 541 2208 in
563 2142 667 2209 Creta
688 2140 840 2228 Mycenis
871 2140 1014 2228 aliisque
1045 2140 1290 2228 antiquissimis

143 2247 226 2314 locis
263 2250 343 2314 sunt
376 2250 527 2335 reperta,
565 2247 736 2334 respicere
770 2245 916 2327 debebit,
950 2244 1040 2312 unde
1072 2245 1150 2312 illos
1184 2246 1289 2327 viros,

146 2375 289 2440 quorum
310 2374 406 2420 arces
429 2353 465 2419 in
488 2351 594 2418 Creta
617 2354 653 2418 et
674 2350 908 2439 Peloponneso
934 2351 1020 2418 sitae
1044 2354 1153 2434 erant,
1186 2350 1291 2417 etiam

145 2460 288 2525 venatos
311 2479 383 2525 esse
414 2479 533 2524 cervos
556 2478 656 2544 apros
687 2456 790 2523 ibices
822 2459 941 2523 tauros
965 2458 1010 2543 (v.
1032 2457 1069 2543 i.)
1090 2456 1225 2544 lepores
1248 2457 1291 2543 (P)

145 2560 312 2627 discimus.
357 2561 489 2627 Horum
519 2561 714 2628 animalium
744 2560 908 2647 imagines
940 2560 1067 2628 iterum
1099 2561 1291 2649 iterumque

144 2665 181 2731 in
202 2667 371 2755 lapidibus
392 2667 519 2734 incisae
549 2666 777 2755 inspiciuntur
787 2665 822 2752 Β).
868 2666 1009 2734 Nobiles
1039 2667 1199 2751 homines,
1233 2669 1293 2755 qui

145 2772 243 2859 quasi
274 2793 368 2839 more
401 2772 616 2840 orientalium
647 2772 848 2859 populorum
879 2771 968 2839 sicut
997 2771 1034 2838 in
1065 2772 1152 2839 bello
1186 2772 1293 2841 sicin

143 2878 326 2945 venatione
349 2899 480 2965 quoque
502 2900 604 2945 curru
627 2877 699 2944 sive
731 2876 849 2944 essedo
876 2879 1073 2960 utebantur,
1107 2900 1225 2945 cervos
1250 2878 1292 2945 de

144 2982 300 3050 vehiculo
324 2982 454 3069 sagitta
475 2985 656 3070 percutere
680 2981 833 3049 sciebant
845 2981 879 3067 ⁷).
919 2981 1028 3048 Canes
1044 3004 1175 3070 quoque
1190 3005 1292 3049 vena-

144 3088 206 3154 tici
227 3087 389 3155 videntur
409 3087 560 3154 homines
575 3088 612 3153 in
626 3087 711 3155 feris
736 3087 913 3174 captandis
928 3086 1097 3154 adiuvisse
1109 3087 1143 3174 8).
1188 3087 1293 3155 Prae·

145 3195 244 3259 terea
266 3193 521 3260 commemorari
541 3195 658 3281 potest
681 3192 813 3280 signum
836 3191 929 3259 cervi
949 3192 1102 3278 Mycenis
1133 3195 1295 3260 effossum

144 3297 264 3384 essel).
309 3297 425 3387 Apros
448 3320 469 3365 a
490 3298 709 3383 Mycenarum
732 3296 851 3364 incolis
876 3318 949 3363 esse
971 3301 1128 3386 captatos
1150 3320 1218 3364 non
1241 3320 1294 3365 so·

146 3401 216 3468 lum
248 3403 388 3489 gemmis
400 3402 448 3489 1⁰),
488 3402 547 3470 sed
584 3401 687 3469 etiam
724 3401 792 3468 alio
830 3401 979 3468 fortasse
1015 3403 1112 3471 modo
1147 3406 1294 3471 constat.

146 3505 359 3576 Sohliemann
376 3508 469 3599 ‚enim
490 3510 613 3575 narrat
625 3506 664 3593 11)
695 3528 731 3573 se
763 3506 799 3573 in
828 3509 953 3594 quarto
986 3508 1163 3596 sepulchro
1197 3532 1296 3577 sexa-

238 3704 267 3773 6)
286 3702 509 3773 Perrot-Chipiez
527 3703 651 3759 Histoire
669 3700 704 3757 de
721 3703 801 3757 l’Art.
822 3702 897 3757 Tem.
910 3704 957 3760 Vl.
976 3704 1014 3774 pl.
1033 3703 1100 3760 XVI
1118 3721 1161 3759 no.
1181 3709 1205 3759 3.

235 3794 264 3863 7)
282 3792 311 3846 in
330 3794 412 3848 anulo
431 3808 524 3848 aureo.
560 3793 651 3847 P.-ch.
672 3792 748 3847 Tom.
761 3793 801 3848 VI
823 3809 886 3862 pag.
906 3797 958 3849 839
978 3797 1024 3864 (--
1043 3794 1216 3850 Schliemann
1235 3795 1295 3868 My-

146 3897 229 3937 cenae
247 3898 283 3936 no
302 3885 356 3938 334
376 3883 451 3953 [pag.
469 3883 556 3954 259]).

235 3973 264 4042 8)
282 3973 490 4042 Furtuaengler
508 3972 636 4028 Gemmas
655 3973 730 4027 Tem.
750 3973 791 4028 111
809 3972 853 4041 fig.
873 3976 917 4028 34.

235 4063 265 4134 9)
283 4061 461 4117 Fabricatum
479 4067 523 4118 est
539 4061 660 4117 mixtura
678 4062 784 4130 plumbi
803 4067 833 4116 et
852 4064 967 4132 argenti,
988 4063 1022 4119 cf.
1036 4065 1210 4121 Schliemann
1222 4066 1294 4136 Mys.

146 4167 181 4204 no
200 4154 253 4206 376
271 4153 346 4223 (pag.
366 4154 439 4222 296).

220 4243 265 4311 10)
284 4242 387 4298 Furto.
407 4241 533 4297 Gemmas
551 4242 627 4297 Tem.
646 4242 660 4296 I
679 4283 685 4296 .
704 4240 761 4296 tab.
780 4240 816 4309 11,
838 4245 869 4295 11
889 4247 918 4297 et
938 4246 979 4297 12.

220 4333 265 4402 11)
286 4331 358 4386 Schl.
378 4331 510 4404 Mycenae
527 4349 554 4402 p.
568 4335 628 4387 312.
