<?xml version="1.0" encoding="UTF-8"?>
<!DOCTYPE html PUBLIC "-//W3C//DTD XHTML 1.0 Transitional//EN"
    "http://www.w3.org/TR/xhtml1/DTD/xhtml1-transitional.dtd">
<html xmlns="http://www.w3.org/1999/xhtml" xml:lang="en" lang="en">
 <head>
  <title>
</title>
<meta http-equiv="Content-Type" content="text/html;charset=utf-8" />
  <meta name='ocr-system' content='tesseract 3.04.00' />
  <meta name='ocr-capabilities' content='ocr_page ocr_carea ocr_par ocr_line ocrx_word'/>
</head>
<body>
  <div class='ocr_page' id='page_1' title='image "./destudiovenandi00johagoog_0055.png"; bbox 0 0 2880 4734; ppageno 0'>
   <div class='ocr_carea' id='block_1_1' title="bbox 780 222 822 288">
    <p class='ocr_par' dir='ltr' id='par_1_1' title="bbox 780 222 822 288">
     <span class='ocr_line' id='line_1_1' title="bbox 780 222 822 288; baseline 0 0"><span class='ocrx_word' id='word_1_1' title='bbox 780 222 822 288; x_wconf 81' lang='lat'><strong>46</strong></span> 
     </span>
    </p>
   </div>
   <div class='ocr_carea' id='block_1_2' title="bbox 228 395 1381 3856">
    <p class='ocr_par' dir='ltr' id='par_1_2' title="bbox 232 395 1381 1290">
     <span class='ocr_line' id='line_1_2' title="bbox 233 395 1379 483; baseline -0.003 -18"><span class='ocrx_word' id='word_1_2' title='bbox 233 401 394 483; x_wconf 76' lang='grc' dir='ltr'><strong><em>πολεμικὴ</em></strong></span> <span class='ocrx_word' id='word_1_3' title='bbox 416 400 517 483; x_wconf 85' lang='grc' dir='ltr'><strong><em>φύσει</em></strong></span> <span class='ocrx_word' id='word_1_4' title='bbox 541 402 675 483; x_wconf 78' lang='grc' dir='ltr'><em>κτητική</em></span> <span class='ocrx_word' id='word_1_5' title='bbox 698 422 769 475; x_wconf 76' lang='grc' dir='ltr'><strong>πως</strong></span> <span class='ocrx_word' id='word_1_6' title='bbox 790 401 891 465; x_wconf 78' lang='grc' dir='ltr'><strong><em>ἔσται.</em></strong></span> <span class='ocrx_word' id='word_1_7' title='bbox 927 395 973 462; x_wconf 85' lang='grc' dir='ltr'><em>Ἡ</em></span> <span class='ocrx_word' id='word_1_8' title='bbox 991 397 1053 480; x_wconf 74' lang='grc' dir='ltr'><strong>γὰρ</strong></span> <span class='ocrx_word' id='word_1_9' title='bbox 1076 398 1262 481; x_wconf 72' lang='grc' dir='ltr'><strong><em>θηρευτικὴ</em></strong></span> <span class='ocrx_word' id='word_1_10' title='bbox 1285 395 1379 479; x_wconf 77' lang='grc' dir='ltr'><strong><em>μέρος</em></strong></span> 
     </span>
     <span class='ocr_line' id='line_1_3' title="bbox 233 497 1379 588; baseline -0.003 -19"><span class='ocrx_word' id='word_1_11' title='bbox 233 505 344 588; x_wconf 79' lang='grc' dir='ltr'><strong><em>αὐτῆς,</em></strong></span> <span class='ocrx_word' id='word_1_12' title='bbox 367 497 389 588; x_wconf 72' lang='grc' dir='ltr'><strong><em>ᾗ</em></strong></span> <span class='ocrx_word' id='word_1_13' title='bbox 412 505 465 568; x_wconf 72' lang='grc' dir='ltr'><strong>δεῖ</strong></span> <span class='ocrx_word' id='word_1_14' title='bbox 487 511 632 588; x_wconf 78' lang='grc' dir='ltr'><strong><em>χρῆσθαι</em></strong></span> <span class='ocrx_word' id='word_1_15' title='bbox 656 507 740 587; x_wconf 80' lang='grc' dir='ltr'><em>πρός</em></span> <span class='ocrx_word' id='word_1_16' title='bbox 762 528 796 568; x_wconf 81' lang='grc' dir='ltr'><strong>τε</strong></span> <span class='ocrx_word' id='word_1_17' title='bbox 819 505 859 569; x_wconf 80' lang='grc' dir='ltr'><strong>τὰ</strong></span> <span class='ocrx_word' id='word_1_18' title='bbox 881 506 996 587; x_wconf 75' lang='grc' dir='ltr'><strong><em>θηρία,</em></strong></span> <span class='ocrx_word' id='word_1_19' title='bbox 1018 499 1073 568; x_wconf 82' lang='grc' dir='ltr'><strong>καὶ</strong></span> <span class='ocrx_word' id='word_1_20' title='bbox 1094 514 1161 568; x_wconf 82' lang='grc' dir='ltr'><strong>τῶν</strong></span> <span class='ocrx_word' id='word_1_21' title='bbox 1177 501 1379 585; x_wconf 73' lang='grc' dir='ltr'><strong><em>ἀνθρώπων,</em></strong></span> 
     </span>
     <span class='ocr_line' id='line_1_4' title="bbox 235 608 1379 693; baseline -0.002 -19"><span class='ocrx_word' id='word_1_22' title='bbox 235 610 307 674; x_wconf 83' lang='grc' dir='ltr'><strong><em>ὅσοι</em></strong></span> <span class='ocrx_word' id='word_1_23' title='bbox 331 611 517 693; x_wconf 78' lang='grc' dir='ltr'><strong><em>πεφυκότες</em></strong></span> <span class='ocrx_word' id='word_1_24' title='bbox 539 610 701 693; x_wconf 76' lang='grc' dir='ltr'><strong><em>ἄρχεσθαι</em></strong></span> <span class='ocrx_word' id='word_1_25' title='bbox 725 609 770 692; x_wconf 85' lang='grc' dir='ltr'><strong>μὴ</strong></span> <span class='ocrx_word' id='word_1_26' title='bbox 786 609 958 691; x_wconf 75' lang='grc' dir='ltr'><strong><em>θέλουσιν,</em></strong></span> <span class='ocrx_word' id='word_1_27' title='bbox 981 608 1026 686; x_wconf 78' lang='grc' dir='ltr'><strong>ὡς</strong></span> <span class='ocrx_word' id='word_1_28' title='bbox 1043 609 1142 692; x_wconf 82' lang='grc' dir='ltr'><strong><em>φύσει</em></strong></span> <span class='ocrx_word' id='word_1_29' title='bbox 1157 609 1293 674; x_wconf 76' lang='grc' dir='ltr'><strong><em>δίκαιον</em></strong></span> <span class='ocrx_word' id='word_1_30' title='bbox 1308 617 1379 672; x_wconf 77' lang='grc' dir='ltr'><strong><em>τοῦ·</em></strong></span> 
     </span>
     <span class='ocr_line' id='line_1_5' title="bbox 233 712 1380 801; baseline -0.002 -21"><span class='ocrx_word' id='word_1_31' title='bbox 233 735 292 780; x_wconf 79' lang='grc' dir='ltr'><strong>τον</strong></span> <span class='ocrx_word' id='word_1_32' title='bbox 316 717 396 781; x_wconf 79' lang='grc' dir='ltr'><strong><em>ὄντα</em></strong></span> <span class='ocrx_word' id='word_1_33' title='bbox 419 719 477 780; x_wconf 83' lang='grc' dir='ltr'><strong>τὸν</strong></span> <span class='ocrx_word' id='word_1_34' title='bbox 500 717 656 798; x_wconf 75' lang='grc' dir='ltr'><strong><em>πόλεμον.</em></strong></span> <span class='ocrx_word' id='word_1_35' title='bbox 694 714 819 782; x_wconf 87' lang='lat' dir='ltr'><strong>Altera</strong></span> <span class='ocrx_word' id='word_1_36' title='bbox 841 717 998 801; x_wconf 85' lang='lat' dir='ltr'><strong>exparte</strong></span> <span class='ocrx_word' id='word_1_37' title='bbox 1013 736 1081 780; x_wconf 92' lang='lat' dir='ltr'><strong>non</strong></span> <span class='ocrx_word' id='word_1_38' title='bbox 1096 714 1270 793; x_wconf 87' lang='lat' dir='ltr'><strong>miramur,</strong></span> <span class='ocrx_word' id='word_1_39' title='bbox 1297 712 1380 799; x_wconf 94' lang='lat' dir='ltr'><strong>quod</strong></span> 
     </span>
     <span class='ocr_line' id='line_1_6' title="bbox 234 817 1380 906; baseline -0.001 -21"><span class='ocrx_word' id='word_1_40' title='bbox 234 820 443 887; x_wconf 87' lang='lat' dir='ltr'><strong>Aristoteles</strong></span> <span class='ocrx_word' id='word_1_41' title='bbox 467 819 611 887; x_wconf 93' lang='lat' dir='ltr'><strong>nobilem</strong></span> <span class='ocrx_word' id='word_1_42' title='bbox 634 819 744 886; x_wconf 90' lang='lat' dir='ltr'><strong>lusum</strong></span> <span class='ocrx_word' id='word_1_43' title='bbox 773 819 920 886; x_wconf 88' lang='lat' dir='ltr'><strong>venandi</strong></span> <span class='ocrx_word' id='word_1_44' title='bbox 950 820 1033 886; x_wconf 90' lang='lat' dir='ltr'><strong>bene</strong></span> <span class='ocrx_word' id='word_1_45' title='bbox 1045 817 1097 902; x_wconf 78' lang='lat'><strong>²⁰⁸)</strong></span> <span class='ocrx_word' id='word_1_46' title='bbox 1127 819 1237 897; x_wconf 86' lang='lat' dir='ltr'><strong>novit,</strong></span> <span class='ocrx_word' id='word_1_47' title='bbox 1270 839 1380 906; x_wconf 85' lang='lat' dir='ltr'><strong>quam·</strong></span> 
     </span>
     <span class='ocr_line' id='line_1_7' title="bbox 234 922 1380 1014; baseline -0.003 -22"><span class='ocrx_word' id='word_1_48' title='bbox 234 947 333 1014; x_wconf 91' lang='lat' dir='ltr'><strong>quam</strong></span> <span class='ocrx_word' id='word_1_49' title='bbox 348 924 593 992; x_wconf 88' lang='lat' dir='ltr'><strong>concedendum</strong></span> <span class='ocrx_word' id='word_1_50' title='bbox 609 929 663 992; x_wconf 90' lang='lat' dir='ltr'><strong>est</strong></span> <span class='ocrx_word' id='word_1_51' title='bbox 678 947 753 991; x_wconf 92' lang='lat' dir='ltr'><strong>eum</strong></span> <span class='ocrx_word' id='word_1_52' title='bbox 770 924 835 991; x_wconf 88' lang='lat' dir='ltr'>sibi</span> <span class='ocrx_word' id='word_1_53' title='bbox 850 924 953 991; x_wconf 85' lang='lat' dir='ltr'><strong>talem</strong></span> <span class='ocrx_word' id='word_1_54' title='bbox 967 923 1144 1000; x_wconf 86' lang='lat' dir='ltr'><strong>scientiam</strong></span> <span class='ocrx_word' id='word_1_55' title='bbox 1155 946 1224 990; x_wconf 89' lang='lat' dir='ltr'><strong>nou</strong></span> <span class='ocrx_word' id='word_1_56' title='bbox 1234 922 1380 990; x_wconf 84' lang='lat' dir='ltr'><strong>Athenis</strong></span> 
     </span>
     <span class='ocr_line' id='line_1_8' title="bbox 233 1029 1381 1118; baseline -0.003 -21"><span class='ocrx_word' id='word_1_57' title='bbox 233 1029 410 1118; x_wconf 78' lang='lat' dir='ltr'><strong>paravisse</strong></span> <span class='ocrx_word' id='word_1_58' title='bbox 434 1031 493 1097; x_wconf 91' lang='lat' dir='ltr'><strong>sed</strong></span> <span class='ocrx_word' id='word_1_59' title='bbox 515 1030 665 1097; x_wconf 84' lang='lat' dir='ltr'><strong>fortasse</strong></span> <span class='ocrx_word' id='word_1_60' title='bbox 688 1030 723 1096; x_wconf 91' lang='lat' dir='ltr'><strong>in</strong></span> <span class='ocrx_word' id='word_1_61' title='bbox 745 1030 951 1110; x_wconf 85' lang='lat' dir='ltr'><strong>Macedonia,</strong></span> <span class='ocrx_word' id='word_1_62' title='bbox 983 1029 1024 1096; x_wconf 92' lang='lat' dir='ltr'><strong>de</strong></span> <span class='ocrx_word' id='word_1_63' title='bbox 1048 1050 1115 1116; x_wconf 81' lang='lat' dir='ltr'><strong>que</strong></span> <span class='ocrx_word' id='word_1_64' title='bbox 1136 1036 1236 1095; x_wconf 86' lang='lat' dir='ltr'><strong>terra</strong></span> <span class='ocrx_word' id='word_1_65' title='bbox 1261 1031 1381 1116; x_wconf 87' lang='lat' dir='ltr'><strong>postea</strong></span> 
     </span>
     <span class='ocr_line' id='line_1_9' title="bbox 232 1141 365 1222; baseline -0.008 -20"><span class='ocrx_word' id='word_1_66' title='bbox 232 1141 365 1222; x_wconf 85' lang='lat' dir='ltr'><strong>agetur.</strong></span> 
     </span>
     <span class='ocr_line' id='line_1_10' title="bbox 617 1222 986 1290; baseline -0.005 -2"><span class='ocrx_word' id='word_1_67' title='bbox 617 1222 678 1290; x_wconf 85' lang='lat' dir='ltr'><strong>De</strong></span> <span class='ocrx_word' id='word_1_68' title='bbox 702 1222 986 1290; x_wconf 85' lang='lat' dir='ltr'><strong>oratoribus.</strong></span> 
     </span>
    </p>

    <p class='ocr_par' dir='ltr' id='par_1_3' title="bbox 228 1343 1381 3856">
     <span class='ocr_line' id='line_1_11' title="bbox 319 1343 1379 1434; baseline -0.002 -22"><span class='ocrx_word' id='word_1_69' title='bbox 319 1346 485 1413; x_wconf 86' lang='lat' dir='ltr'><strong>Oratores</strong></span> <span class='ocrx_word' id='word_1_70' title='bbox 514 1345 626 1413; x_wconf 89' lang='lat' dir='ltr'><strong>Attici</strong></span> <span class='ocrx_word' id='word_1_71' title='bbox 659 1368 755 1434; x_wconf 90' lang='lat' dir='ltr'><strong>qnam</strong></span> <span class='ocrx_word' id='word_1_72' title='bbox 788 1345 883 1432; x_wconf 86' lang='lat' dir='ltr'><strong>parci</strong></span> <span class='ocrx_word' id='word_1_73' title='bbox 915 1345 952 1411; x_wconf 90' lang='lat' dir='ltr'><strong>in</strong></span> <span class='ocrx_word' id='word_1_74' title='bbox 982 1343 1270 1412; x_wconf 74' lang='lat' dir='ltr'><strong>translationibus</strong></span> <span class='ocrx_word' id='word_1_75' title='bbox 1303 1344 1379 1423; x_wconf 86' lang='lat' dir='ltr'><strong>sint,</strong></span> 
     </span>
     <span class='ocr_line' id='line_1_12' title="bbox 232 1448 1378 1540; baseline 0 -23"><span class='ocrx_word' id='word_1_76' title='bbox 232 1452 402 1538; x_wconf 83' lang='lat' dir='ltr'><strong>explicere</strong></span> <span class='ocrx_word' id='word_1_77' title='bbox 423 1475 491 1518; x_wconf 93' lang='lat' dir='ltr'><strong>non</strong></span> <span class='ocrx_word' id='word_1_78' title='bbox 513 1475 596 1540; x_wconf 90' lang='lat' dir='ltr'><strong>opus</strong></span> <span class='ocrx_word' id='word_1_79' title='bbox 621 1459 684 1519; x_wconf 90' lang='lat' dir='ltr'><strong>est.</strong></span> <span class='ocrx_word' id='word_1_80' title='bbox 724 1452 887 1538; x_wconf 81' lang='lat' dir='ltr'><strong>Exempla</strong></span> <span class='ocrx_word' id='word_1_81' title='bbox 910 1449 1052 1537; x_wconf 82' lang='lat' dir='ltr'>collegit</span> <span class='ocrx_word' id='word_1_82' title='bbox 1074 1452 1117 1516; x_wconf 88' lang='lat' dir='ltr'><strong>A.</strong></span> <span class='ocrx_word' id='word_1_83' title='bbox 1132 1448 1378 1535; x_wconf 77' lang='lat' dir='ltr'><strong>Roschatt²⁰⁹),</strong></span> 
     </span>
     <span class='ocr_line' id='line_1_13' title="bbox 231 1553 1378 1644; baseline -0.001 -22"><span class='ocrx_word' id='word_1_84' title='bbox 231 1580 370 1644; x_wconf 91' lang='lat' dir='ltr'><strong>qnorum</strong></span> <span class='ocrx_word' id='word_1_85' title='bbox 392 1556 555 1624; x_wconf 88' lang='lat' dir='ltr'><strong>nonnulla</strong></span> <span class='ocrx_word' id='word_1_86' title='bbox 578 1557 622 1624; x_wconf 91' lang='lat' dir='ltr'><strong>ad</strong></span> <span class='ocrx_word' id='word_1_87' title='bbox 644 1562 803 1624; x_wconf 87' lang='lat' dir='ltr'><strong>venatum</strong></span> <span class='ocrx_word' id='word_1_88' title='bbox 827 1553 992 1644; x_wconf 85' lang='lat' dir='ltr'><strong>spectant.</strong></span> <span class='ocrx_word' id='word_1_89' title='bbox 1033 1554 1074 1621; x_wconf 91' lang='lat' dir='ltr'><strong>In</strong></span> <span class='ocrx_word' id='word_1_90' title='bbox 1094 1553 1147 1620; x_wconf 91' lang='lat' dir='ltr'><strong>his</strong></span> <span class='ocrx_word' id='word_1_91' title='bbox 1171 1555 1283 1642; x_wconf 91' lang='lat' dir='ltr'><strong>primo</strong></span> <span class='ocrx_word' id='word_1_92' title='bbox 1307 1554 1378 1621; x_wconf 89' lang='lat' dir='ltr'><strong>loco</strong></span> 
     </span>
     <span class='ocr_line' id='line_1_14' title="bbox 231 1659 1380 1750; baseline -0.003 -22"><span class='ocrx_word' id='word_1_93' title='bbox 231 1664 451 1729; x_wconf 86' lang='lat' dir='ltr'><strong>commemoro</strong></span> <span class='ocrx_word' id='word_1_94' title='bbox 475 1664 581 1730; x_wconf 88' lang='lat' dir='ltr'><strong>verba</strong></span> <span class='ocrx_word' id='word_1_95' title='bbox 603 1661 762 1750; x_wconf 82' lang='lat' dir='ltr'><strong>captandi</strong></span> <span class='ocrx_word' id='word_1_96' title='bbox 786 1660 1040 1749; x_wconf 89' lang='lat' dir='ltr'><strong>concupiscendi</strong></span> <span class='ocrx_word' id='word_1_97' title='bbox 1064 1659 1255 1749; x_wconf 76' lang='lat' dir='ltr'><strong>similiaque</strong></span> <span class='ocrx_word' id='word_1_98' title='bbox 1271 1660 1380 1746; x_wconf 87' lang='lat' dir='ltr'><strong>(velut</strong></span> 
     </span>
     <span class='ocr_line' id='line_1_15' title="bbox 230 1765 1377 1853; baseline -0.002 -20"><span class='ocrx_word' id='word_1_99' title='bbox 230 1775 352 1851; x_wconf 75' lang='grc' dir='ltr'><em>θηρᾶν,</em></span> <span class='ocrx_word' id='word_1_100' title='bbox 375 1771 546 1852; x_wconf 74' lang='grc' dir='ltr'><em>θηρεύειν,</em></span> <span class='ocrx_word' id='word_1_101' title='bbox 568 1772 746 1851; x_wconf 79' lang='grc' dir='ltr'><strong><em>θηρευτής,</em></strong></span> <span class='ocrx_word' id='word_1_102' title='bbox 778 1766 1011 1852; x_wconf 70' lang='grc' dir='ltr'><strong>ἐρευνάω)”“),</strong></span> <span class='ocrx_word' id='word_1_103' title='bbox 1042 1788 1127 1853; x_wconf 90' lang='lat' dir='ltr'><strong>quae</strong></span> <span class='ocrx_word' id='word_1_104' title='bbox 1148 1788 1216 1832; x_wconf 89' lang='lat' dir='ltr'><strong>non</strong></span> <span class='ocrx_word' id='word_1_105' title='bbox 1239 1769 1315 1833; x_wconf 90' lang='lat' dir='ltr'><strong>tam</strong></span> <span class='ocrx_word' id='word_1_106' title='bbox 1336 1765 1377 1833; x_wconf 89' lang='lat' dir='ltr'><strong>ad</strong></span> 
     </span>
     <span class='ocr_line' id='line_1_16' title="bbox 231 1871 1380 1961; baseline -0.002 -22"><span class='ocrx_word' id='word_1_107' title='bbox 231 1895 417 1939; x_wconf 85' lang='lat' dir='ltr'><strong>sermonem</strong></span> <span class='ocrx_word' id='word_1_108' title='bbox 441 1878 615 1939; x_wconf 87' lang='lat' dir='ltr'><strong>oratorum</strong></span> <span class='ocrx_word' id='word_1_109' title='bbox 636 1893 734 1961; x_wconf 92' lang='lat' dir='ltr'><strong>quam</strong></span> <span class='ocrx_word' id='word_1_110' title='bbox 751 1873 882 1938; x_wconf 90' lang='lat' dir='ltr'><strong>omnino</strong></span> <span class='ocrx_word' id='word_1_111' title='bbox 899 1871 1069 1940; x_wconf 81' lang='lat' dir='ltr'><strong>Graecum</strong></span> <span class='ocrx_word' id='word_1_112' title='bbox 1083 1871 1259 1961; x_wconf 90' lang='lat' dir='ltr'><strong>pertinere</strong></span> <span class='ocrx_word' id='word_1_113' title='bbox 1279 1894 1380 1959; x_wconf 91' lang='lat' dir='ltr'><strong>supra</strong></span> 
     </span>
     <span class='ocr_line' id='line_1_17' title="bbox 231 1975 1379 2044; baseline -0.003 -1"><span class='ocrx_word' id='word_1_114' title='bbox 231 1977 384 2044; x_wconf 89' lang='lat' dir='ltr'><strong>vidimus.</strong></span> <span class='ocrx_word' id='word_1_115' title='bbox 430 1978 483 2043; x_wconf 93' lang='lat' dir='ltr'><strong>De</strong></span> <span class='ocrx_word' id='word_1_116' title='bbox 512 1977 589 2044; x_wconf 92' lang='lat' dir='ltr'><strong>aliis</strong></span> <span class='ocrx_word' id='word_1_117' title='bbox 613 2000 634 2044; x_wconf 90' lang='lat' dir='ltr'><strong>a</strong></span> <span class='ocrx_word' id='word_1_118' title='bbox 657 1978 859 2044; x_wconf 83' lang='lat' dir='ltr'><strong>Roschattio</strong></span> <span class='ocrx_word' id='word_1_119' title='bbox 891 1976 1026 2044; x_wconf 83' lang='lat' dir='ltr'><strong>collatis</strong></span> <span class='ocrx_word' id='word_1_120' title='bbox 1057 1976 1194 2043; x_wconf 87' lang='lat' dir='ltr'><strong>vocibus</strong></span> <span class='ocrx_word' id='word_1_121' title='bbox 1224 1975 1379 2043; x_wconf 88' lang='lat' dir='ltr'><strong>dubitari</strong></span> 
     </span>
     <span class='ocr_line' id='line_1_18' title="bbox 231 2079 1378 2171; baseline -0.003 -22"><span class='ocrx_word' id='word_1_122' title='bbox 231 2089 355 2171; x_wconf 82' lang='lat' dir='ltr'><strong>potest,</strong></span> <span class='ocrx_word' id='word_1_123' title='bbox 380 2087 496 2148; x_wconf 86' lang='lat' dir='ltr'><strong>utrum</strong></span> <span class='ocrx_word' id='word_1_124' title='bbox 519 2105 556 2147; x_wconf 92' lang='lat' dir='ltr'><strong>re</strong></span> <span class='ocrx_word' id='word_1_125' title='bbox 580 2105 662 2149; x_wconf 86' lang='lat' dir='ltr'><strong>vera</strong></span> <span class='ocrx_word' id='word_1_126' title='bbox 685 2082 726 2149; x_wconf 93' lang='lat' dir='ltr'><strong>de</strong></span> <span class='ocrx_word' id='word_1_127' title='bbox 748 2088 826 2149; x_wconf 86' lang='lat' dir='ltr'><strong>arte</strong></span> <span class='ocrx_word' id='word_1_128' title='bbox 850 2083 1007 2149; x_wconf 86' lang='lat' dir='ltr'><strong>venatica</strong></span> <span class='ocrx_word' id='word_1_129' title='bbox 1030 2082 1100 2149; x_wconf 88' lang='lat' dir='ltr'><strong>sint</strong></span> <span class='ocrx_word' id='word_1_130' title='bbox 1120 2079 1321 2169; x_wconf 86' lang='lat' dir='ltr'><strong>desumptae</strong></span> <span class='ocrx_word' id='word_1_131' title='bbox 1336 2103 1378 2148; x_wconf 90' lang='lat' dir='ltr'><strong>an</strong></span> 
     </span>
     <span class='ocr_line' id='line_1_19' title="bbox 231 2186 1378 2277; baseline -0.003 -22"><span class='ocrx_word' id='word_1_132' title='bbox 231 2212 273 2255; x_wconf 86' lang='lat' dir='ltr'><strong>ex</strong></span> <span class='ocrx_word' id='word_1_133' title='bbox 300 2188 436 2277; x_wconf 88' lang='lat' dir='ltr'><strong>piscatu</strong></span> <span class='ocrx_word' id='word_1_134' title='bbox 466 2187 562 2255; x_wconf 87' lang='lat' dir='ltr'><strong>velut</strong></span> <span class='ocrx_word' id='word_1_135' title='bbox 590 2188 821 2272; x_wconf 52' lang='lat' dir='ltr'><strong>celsorum)</strong></span> <span class='ocrx_word' id='word_1_136' title='bbox 850 2209 893 2254; x_wconf 91' lang='lat' dir='ltr'><strong>an</strong></span> <span class='ocrx_word' id='word_1_137' title='bbox 924 2209 965 2254; x_wconf 85' lang='lat' dir='ltr'><strong>ex</strong></span> <span class='ocrx_word' id='word_1_138' title='bbox 995 2186 1063 2254; x_wconf 89' lang='lat' dir='ltr'><strong>alia</strong></span> <span class='ocrx_word' id='word_1_139' title='bbox 1092 2186 1236 2273; x_wconf 86' lang='lat' dir='ltr'><strong>quadam</strong></span> <span class='ocrx_word' id='word_1_140' title='bbox 1267 2191 1378 2253; x_wconf 86' lang='lat' dir='ltr'><strong>trans·</strong></span> 
     </span>
     <span class='ocr_line' id='line_1_20' title="bbox 229 2290 1381 2379; baseline -0.001 -22"><span class='ocrx_word' id='word_1_141' title='bbox 229 2292 367 2374; x_wconf 84' lang='lat' dir='ltr'><strong>latione,</strong></span> <span class='ocrx_word' id='word_1_142' title='bbox 415 2292 457 2359; x_wconf 87' lang='lat' dir='ltr'><strong>of.</strong></span> <span class='ocrx_word' id='word_1_143' title='bbox 503 2292 888 2377; x_wconf 68' lang='lat' dir='ltr'><strong>uoocxatsdstctas²¹²),</strong></span> <span class='ocrx_word' id='word_1_144' title='bbox 934 2292 1069 2375; x_wconf 76' lang='grc' dir='ltr'><em>ἐπάγειν</em></span> <span class='ocrx_word' id='word_1_145' title='bbox 1081 2290 1146 2374; x_wconf 81' lang='lat'><strong>²¹³).</strong></span> <span class='ocrx_word' id='word_1_146' title='bbox 1214 2290 1381 2379; x_wconf 85' lang='lat' dir='ltr'><strong>Exempla</strong></span> 
     </span>
     <span class='ocr_line' id='line_1_21' title="bbox 230 2395 1379 2486; baseline -0.001 -24"><span class='ocrx_word' id='word_1_147' title='bbox 230 2402 374 2479; x_wconf 85' lang='lat' dir='ltr'><strong>restent,</strong></span> <span class='ocrx_word' id='word_1_148' title='bbox 399 2399 519 2486; x_wconf 89' lang='lat' dir='ltr'><strong>quibus</strong></span> <span class='ocrx_word' id='word_1_149' title='bbox 543 2403 698 2466; x_wconf 86' lang='lat' dir='ltr'><strong>oratores</strong></span> <span class='ocrx_word' id='word_1_150' title='bbox 723 2420 794 2464; x_wconf 95' lang='lat' dir='ltr'><strong>rem</strong></span> <span class='ocrx_word' id='word_1_151' title='bbox 811 2397 1006 2465; x_wconf 78' lang='lat' dir='ltr'><strong>venaticam</strong></span> <span class='ocrx_word' id='word_1_152' title='bbox 1029 2402 1151 2485; x_wconf 87' lang='lat' dir='ltr'><strong>aperte</strong></span> <span class='ocrx_word' id='word_1_153' title='bbox 1173 2395 1379 2484; x_wconf 85' lang='lat' dir='ltr'><strong>significant.</strong></span> 
     </span>
     <span class='ocr_line' id='line_1_22' title="bbox 230 2501 1381 2587; baseline -0.002 -21"><span class='ocrx_word' id='word_1_154' title='bbox 230 2502 478 2587; x_wconf 85' lang='lat' dir='ltr'><strong>Aeschines²¹⁴)</strong></span> <span class='ocrx_word' id='word_1_155' title='bbox 501 2528 568 2570; x_wconf 92' lang='lat' dir='ltr'><strong>non</strong></span> <span class='ocrx_word' id='word_1_156' title='bbox 597 2504 705 2570; x_wconf 92' lang='lat' dir='ltr'><strong>solnm</strong></span> <span class='ocrx_word' id='word_1_157' title='bbox 729 2501 988 2570; x_wconf 70' lang='lat' dir='ltr'><strong>Demosthenem</strong></span> <span class='ocrx_word' id='word_1_158' title='bbox 1020 2504 1159 2569; x_wconf 89' lang='lat' dir='ltr'><strong>accusat</strong></span> <span class='ocrx_word' id='word_1_159' title='bbox 1187 2503 1381 2586; x_wconf 74' lang='grc' dir='ltr'><strong><em>θηρεύοντα</em></strong></span> 
     </span>
     <span class='ocr_line' id='line_1_23' title="bbox 228 2606 1379 2696; baseline -0.001 -24"><span class='ocrx_word' id='word_1_160' title='bbox 228 2607 366 2674; x_wconf 89' lang='lat' dir='ltr'><strong>iuvenes</strong></span> <span class='ocrx_word' id='word_1_161' title='bbox 391 2608 525 2688; x_wconf 87' lang='lat' dir='ltr'><strong>divites,</strong></span> <span class='ocrx_word' id='word_1_162' title='bbox 548 2632 616 2674; x_wconf 91' lang='lat' dir='ltr'><strong>non</strong></span> <span class='ocrx_word' id='word_1_163' title='bbox 639 2609 746 2675; x_wconf 91' lang='lat' dir='ltr'><strong>solnm</strong></span> <span class='ocrx_word' id='word_1_164' title='bbox 770 2608 877 2675; x_wconf 89' lang='lat' dir='ltr'><strong>socios</strong></span> <span class='ocrx_word' id='word_1_165' title='bbox 900 2608 958 2696; x_wconf 89' lang='lat' dir='ltr'><strong>qni</strong></span> <span class='ocrx_word' id='word_1_166' title='bbox 972 2607 1043 2674; x_wconf 90' lang='lat' dir='ltr'><strong>sint</strong></span> <span class='ocrx_word' id='word_1_167' title='bbox 1059 2630 1133 2674; x_wconf 89' lang='lat' dir='ltr'><strong>oum</strong></span> <span class='ocrx_word' id='word_1_168' title='bbox 1147 2606 1379 2674; x_wconf 86' lang='lat' dir='ltr'><strong>Demosthene</strong></span> 
     </span>
     <span class='ocr_line' id='line_1_24' title="bbox 229 2712 1380 2802; baseline -0.002 -23"><span class='ocrx_word' id='word_1_169' title='bbox 229 2713 383 2802; x_wconf 87' lang='lat' dir='ltr'><strong>appellat</strong></span> <span class='ocrx_word' id='word_1_170' title='bbox 405 2719 483 2792; x_wconf 79' lang='grc' dir='ltr'><strong><em>τοὺς</em></strong></span> <span class='ocrx_word' id='word_1_171' title='bbox 504 2727 571 2780; x_wconf 85' lang='grc' dir='ltr'><strong>τῶν</strong></span> <span class='ocrx_word' id='word_1_172' title='bbox 593 2714 680 2779; x_wconf 82' lang='grc' dir='ltr'><strong><em>νέων</em></strong></span> <span class='ocrx_word' id='word_1_173' title='bbox 704 2716 881 2799; x_wconf 63' lang='lat' dir='ltr'><strong>tepescente,</strong></span> <span class='ocrx_word' id='word_1_174' title='bbox 914 2713 1101 2782; x_wconf 87' lang='lat' dir='ltr'><strong>sedetiam</strong></span> <span class='ocrx_word' id='word_1_175' title='bbox 1130 2712 1227 2801; x_wconf 86' lang='lat' dir='ltr'><strong>quasi</strong></span> <span class='ocrx_word' id='word_1_176' title='bbox 1257 2732 1380 2796; x_wconf 71' lang='lat' dir='ltr'><strong>evyuc</strong></span> 
     </span>
     <span class='ocr_line' id='line_1_25' title="bbox 229 2817 1379 2906; baseline -0.002 -23"><span class='ocrx_word' id='word_1_177' title='bbox 229 2820 369 2903; x_wconf 79' lang='grc' dir='ltr'><em>νηγὲτας</em></span> <span class='ocrx_word' id='word_1_178' title='bbox 390 2818 515 2885; x_wconf 83' lang='lat' dir='ltr'><strong>illudit.</strong></span> <span class='ocrx_word' id='word_1_179' title='bbox 562 2820 645 2886; x_wconf 88' lang='lat' dir='ltr'><strong>Illos</strong></span> <span class='ocrx_word' id='word_1_180' title='bbox 675 2827 788 2887; x_wconf 87' lang='lat' dir='ltr'><strong>autem</strong></span> <span class='ocrx_word' id='word_1_181' title='bbox 818 2843 885 2887; x_wconf 91' lang='lat' dir='ltr'><strong>non</strong></span> <span class='ocrx_word' id='word_1_182' title='bbox 913 2842 1015 2906; x_wconf 91' lang='lat' dir='ltr'><strong>apros</strong></span> <span class='ocrx_word' id='word_1_183' title='bbox 1045 2818 1165 2887; x_wconf 90' lang='lat' dir='ltr'><strong>venari</strong></span> <span class='ocrx_word' id='word_1_184' title='bbox 1193 2817 1288 2900; x_wconf 92' lang='lat' dir='ltr'><strong>dicit,</strong></span> <span class='ocrx_word' id='word_1_185' title='bbox 1320 2817 1379 2884; x_wconf 89' lang='lat' dir='ltr'><strong>sed</strong></span> 
     </span>
     <span class='ocr_line' id='line_1_26' title="bbox 229 2923 1377 3012; baseline -0.002 -22"><span class='ocrx_word' id='word_1_186' title='bbox 229 2924 387 2993; x_wconf 90' lang='lat' dir='ltr'><strong>homines.</strong></span> <span class='ocrx_word' id='word_1_187' title='bbox 436 2924 511 2991; x_wconf 88' lang='lat' dir='ltr'><strong>Vox</strong></span> <span class='ocrx_word' id='word_1_188' title='bbox 534 2924 621 2991; x_wconf 91' lang='lat' dir='ltr'><strong>enim</strong></span> <span class='ocrx_word' id='word_1_189' title='bbox 645 2947 731 3012; x_wconf 89' lang='lat' dir='ltr'><strong>qnae</strong></span> <span class='ocrx_word' id='word_1_190' title='bbox 754 2928 809 2991; x_wconf 90' lang='lat' dir='ltr'><strong>est</strong></span> <span class='ocrx_word' id='word_1_191' title='bbox 830 2933 942 3009; x_wconf 75' lang='grc' dir='ltr'><strong><em>θηρᾶν</em></strong></span> <span class='ocrx_word' id='word_1_192' title='bbox 966 2947 1008 2991; x_wconf 86' lang='lat' dir='ltr'><strong>ex</strong></span> <span class='ocrx_word' id='word_1_193' title='bbox 1030 2923 1137 2990; x_wconf 89' lang='lat' dir='ltr'><strong>nobili</strong></span> <span class='ocrx_word' id='word_1_194' title='bbox 1165 2923 1377 3010; x_wconf 83' lang='lat' dir='ltr'><strong>tragicorum</strong></span> 
     </span>
     <span class='ocr_line' id='line_1_27' title="bbox 228 3027 1379 3117; baseline -0.003 -21"><span class='ocrx_word' id='word_1_195' title='bbox 228 3034 406 3117; x_wconf 71' lang='lat' dir='ltr'><strong>poetarum</strong></span> <span class='ocrx_word' id='word_1_196' title='bbox 438 3030 600 3097; x_wconf 90' lang='lat' dir='ltr'><strong>sermonis</strong></span> <span class='ocrx_word' id='word_1_197' title='bbox 630 3053 755 3117; x_wconf 85' lang='lat' dir='ltr'><strong>genere</strong></span> <span class='ocrx_word' id='word_1_198' title='bbox 786 3031 908 3097; x_wconf 89' lang='lat' dir='ltr'><strong>sensim</strong></span> <span class='ocrx_word' id='word_1_199' title='bbox 932 3030 1026 3117; x_wconf 88' lang='lat' dir='ltr'><strong>quasi</strong></span> <span class='ocrx_word' id='word_1_200' title='bbox 1055 3028 1196 3116; x_wconf 90' lang='lat' dir='ltr'><strong>delapsa</strong></span> <span class='ocrx_word' id='word_1_201' title='bbox 1224 3031 1305 3094; x_wconf 90' lang='lat' dir='ltr'><strong>erat</strong></span> <span class='ocrx_word' id='word_1_202' title='bbox 1335 3027 1379 3094; x_wconf 91' lang='lat' dir='ltr'><strong>ad</strong></span> 
     </span>
     <span class='ocr_line' id='line_1_28' title="bbox 230 3132 1376 3222; baseline -0.004 -20"><span class='ocrx_word' id='word_1_203' title='bbox 230 3135 411 3202; x_wconf 89' lang='lat' dir='ltr'><strong>deteriora.</strong></span> <span class='ocrx_word' id='word_1_204' title='bbox 451 3135 602 3201; x_wconf 91' lang='lat' dir='ltr'><strong>Primum</strong></span> <span class='ocrx_word' id='word_1_205' title='bbox 625 3135 840 3222; x_wconf 84' lang='lat' dir='ltr'><strong>significabat</strong></span> <span class='ocrx_word' id='word_1_206' title='bbox 862 3135 1015 3222; x_wconf 88' lang='lat' dir='ltr'><strong>quamvis</strong></span> <span class='ocrx_word' id='word_1_207' title='bbox 1033 3133 1161 3201; x_wconf 86' lang='lat' dir='ltr'><strong>fortem</strong></span> <span class='ocrx_word' id='word_1_208' title='bbox 1175 3132 1376 3219; x_wconf 91' lang='lat' dir='ltr'><strong>cupidinem.</strong></span> 
     </span>
     <span class='ocr_line' id='line_1_29' title="bbox 229 3240 1378 3324; baseline -0.004 -18"><span class='ocrx_word' id='word_1_209' title='bbox 229 3240 360 3308; x_wconf 88' lang='lat' dir='ltr'><strong>Deinde</strong></span> <span class='ocrx_word' id='word_1_210' title='bbox 389 3241 424 3305; x_wconf 91' lang='lat' dir='ltr'><strong>in</strong></span> <span class='ocrx_word' id='word_1_211' title='bbox 454 3242 579 3307; x_wconf 86' lang='lat' dir='ltr'><strong>amoris</strong></span> <span class='ocrx_word' id='word_1_212' title='bbox 610 3263 665 3307; x_wconf 90' lang='lat' dir='ltr'><strong>res</strong></span> <span class='ocrx_word' id='word_1_213' title='bbox 694 3242 780 3307; x_wconf 85' lang='lat' dir='ltr'><strong>abiit</strong></span> <span class='ocrx_word' id='word_1_214' title='bbox 810 3243 860 3309; x_wconf 88' lang='lat' dir='ltr'><strong>ita</strong></span> <span class='ocrx_word' id='word_1_215' title='bbox 888 3245 930 3307; x_wconf 88' lang='lat' dir='ltr'><strong>ut</strong></span> <span class='ocrx_word' id='word_1_216' title='bbox 959 3242 976 3306; x_wconf 91' lang='grc' dir='ltr'>ὁ</span> <span class='ocrx_word' id='word_1_217' title='bbox 1007 3241 1147 3324; x_wconf 78' lang='grc' dir='ltr'><strong><em>ἐραστὴς</em></strong></span> <span class='ocrx_word' id='word_1_218' title='bbox 1174 3245 1289 3322; x_wconf 77' lang='grc' dir='ltr'><strong><em>θηρᾶν</em></strong></span> <span class='ocrx_word' id='word_1_219' title='bbox 1318 3240 1378 3304; x_wconf 81' lang='grc' dir='ltr'><strong>τὸν</strong></span> 
     </span>
     <span class='ocr_line' id='line_1_30' title="bbox 229 3342 1377 3432; baseline -0.003 -22"><span class='ocrx_word' id='word_1_220' title='bbox 229 3345 398 3429; x_wconf 81' lang='grc' dir='ltr'><strong><em>ἐρώμενον</em></strong></span> <span class='ocrx_word' id='word_1_221' title='bbox 421 3345 601 3413; x_wconf 87' lang='lat' dir='ltr'><strong>diceretur.</strong></span> <span class='ocrx_word' id='word_1_222' title='bbox 636 3347 710 3428; x_wconf 81' lang='lat' dir='ltr'><strong>Quo</strong></span> <span class='ocrx_word' id='word_1_223' title='bbox 726 3352 840 3413; x_wconf 87' lang='lat' dir='ltr'><strong>autem</strong></span> <span class='ocrx_word' id='word_1_224' title='bbox 856 3347 962 3432; x_wconf 86' lang='lat' dir='ltr'><strong>magis</strong></span> <span class='ocrx_word' id='word_1_225' title='bbox 980 3342 1186 3413; x_wconf 88' lang='lat' dir='ltr'><strong>consuetudo</strong></span> <span class='ocrx_word' id='word_1_226' title='bbox 1202 3342 1377 3409; x_wconf 87' lang='lat' dir='ltr'><strong>invetera-</strong></span> 
     </span>
     <span class='ocr_line' id='line_1_31' title="bbox 229 3447 1376 3539; baseline -0.003 -23"><span class='ocrx_word' id='word_1_227' title='bbox 229 3451 281 3517; x_wconf 88' lang='lat' dir='ltr'><strong>vit</strong></span> <span class='ocrx_word' id='word_1_228' title='bbox 304 3450 495 3539; x_wconf 88' lang='lat' dir='ltr'><strong>philosophi</strong></span> <span class='ocrx_word' id='word_1_229' title='bbox 524 3452 748 3539; x_wconf 90' lang='lat' dir='ltr'><strong>discipulique</strong></span> <span class='ocrx_word' id='word_1_230' title='bbox 777 3452 960 3518; x_wconf 89' lang='lat' dir='ltr'><strong>amicitiam</strong></span> <span class='ocrx_word' id='word_1_231' title='bbox 990 3451 1033 3516; x_wconf 89' lang='lat' dir='ltr'><strong>ad</strong></span> <span class='ocrx_word' id='word_1_232' title='bbox 1056 3470 1204 3516; x_wconf 91' lang='lat' dir='ltr'><strong>amorem</strong></span> <span class='ocrx_word' id='word_1_233' title='bbox 1228 3447 1376 3529; x_wconf 85' lang='lat' dir='ltr'><strong>referre,</strong></span> 
     </span>
     <span class='ocr_line' id='line_1_32' title="bbox 230 3551 1376 3645; baseline -0.004 -24"><span class='ocrx_word' id='word_1_234' title='bbox 230 3577 268 3621; x_wconf 90' lang='lat' dir='ltr'><strong>eo</strong></span> <span class='ocrx_word' id='word_1_235' title='bbox 292 3556 425 3623; x_wconf 86' lang='lat' dir='ltr'><strong>facilius</strong></span> <span class='ocrx_word' id='word_1_236' title='bbox 450 3580 516 3623; x_wconf 84' lang='lat' dir='ltr'><strong>vox</strong></span> <span class='ocrx_word' id='word_1_237' title='bbox 534 3564 646 3641; x_wconf 79' lang='grc' dir='ltr'><em>θηρᾶν</em></span> <span class='ocrx_word' id='word_1_238' title='bbox 660 3557 800 3645; x_wconf 88' lang='lat' dir='ltr'><strong>proprie</strong></span> <span class='ocrx_word' id='word_1_239' title='bbox 814 3556 1029 3643; x_wconf 85' lang='lat' dir='ltr'><strong>significabat</strong></span> <span class='ocrx_word' id='word_1_240' title='bbox 1043 3552 1280 3643; x_wconf 90' lang='lat' dir='ltr'><strong>philosophum</strong></span> <span class='ocrx_word' id='word_1_241' title='bbox 1294 3551 1376 3633; x_wconf 81' lang='lat' dir='ltr'><strong>adn·</strong></span> 
     </span>
     <span class='ocr_line' id='line_1_33' title="bbox 228 3658 1376 3745; baseline -0.003 -18"><span class='ocrx_word' id='word_1_242' title='bbox 228 3661 394 3729; x_wconf 85' lang='lat' dir='ltr'><strong>lescentes</strong></span> <span class='ocrx_word' id='word_1_243' title='bbox 410 3663 623 3730; x_wconf 87' lang='lat' dir='ltr'><strong>allicientem.</strong></span> <span class='ocrx_word' id='word_1_244' title='bbox 659 3663 805 3745; x_wconf 90' lang='lat' dir='ltr'><strong>Polemo,</strong></span> <span class='ocrx_word' id='word_1_245' title='bbox 823 3685 896 3729; x_wconf 89' lang='lat' dir='ltr'><strong>cum</strong></span> <span class='ocrx_word' id='word_1_246' title='bbox 907 3661 1110 3728; x_wconf 89' lang='lat' dir='ltr'><strong>Xenocratis</strong></span> <span class='ocrx_word' id='word_1_247' title='bbox 1123 3658 1237 3726; x_wconf 85' lang='lat' dir='ltr'><strong>verbis</strong></span> <span class='ocrx_word' id='word_1_248' title='bbox 1253 3661 1376 3745; x_wconf 87' lang='lat' dir='ltr'><strong>captus</strong></span> 
     </span>
     <span class='ocr_line' id='line_1_34' title="bbox 228 3761 1377 3856; baseline -0.006 -22"><span class='ocrx_word' id='word_1_249' title='bbox 228 3779 346 3854; x_wconf 85' lang='lat' dir='ltr'><strong>partes</strong></span> <span class='ocrx_word' id='word_1_250' title='bbox 379 3768 471 3835; x_wconf 89' lang='lat' dir='ltr'><strong>illins</strong></span> <span class='ocrx_word' id='word_1_251' title='bbox 501 3767 692 3856; x_wconf 89' lang='lat' dir='ltr'><strong>philosophi</strong></span> <span class='ocrx_word' id='word_1_252' title='bbox 723 3769 817 3856; x_wconf 87' lang='lat' dir='ltr'><strong>sequi</strong></span> <span class='ocrx_word' id='word_1_253' title='bbox 849 3767 1086 3849; x_wconf 86' lang='lat' dir='ltr'><strong>constitueret,</strong></span> <span class='ocrx_word' id='word_1_254' title='bbox 1120 3763 1216 3854; x_wconf 89' lang='lat' dir='ltr'><strong>quasi</strong></span> <span class='ocrx_word' id='word_1_255' title='bbox 1247 3761 1377 3852; x_wconf 82' lang='lat' dir='ltr'><strong>praeda</strong></span> 
     </span>
    </p>
   </div>
   <div class='ocr_carea' id='block_1_3' title="bbox 225 3947 1375 4379">
    <p class='ocr_par' dir='ltr' id='par_1_4' title="bbox 317 3947 1375 4020">
     <span class='ocr_line' id='line_1_35' title="bbox 317 3947 1375 4020; baseline -0.004 -19"><span class='ocrx_word' id='word_1_256' title='bbox 317 3950 380 4017; x_wconf 84' lang='grc'>208)</span> <span class='ocrx_word' id='word_1_257' title='bbox 400 3953 449 4002; x_wconf 88' lang='lat' dir='ltr'><strong>Ar.</strong></span> <span class='ocrx_word' id='word_1_258' title='bbox 470 3949 548 4004; x_wconf 83' lang='lat' dir='ltr'><strong>Rhet.</strong></span> <span class='ocrx_word' id='word_1_259' title='bbox 571 3951 591 4015; x_wconf 81' lang='lat'><strong>1,</strong></span> <span class='ocrx_word' id='word_1_260' title='bbox 613 3955 653 4004; x_wconf 92' lang='lat' dir='ltr'><strong>ll.</strong></span> <span class='ocrx_word' id='word_1_261' title='bbox 727 3952 791 4020; x_wconf 87' lang='grc'>209)</span> <span class='ocrx_word' id='word_1_262' title='bbox 811 3950 946 4005; x_wconf 84' lang='lat' dir='ltr'><strong>Rosehatt</strong></span> <span class='ocrx_word' id='word_1_263' title='bbox 965 3965 1056 4019; x_wconf 79' lang='lat' dir='ltr'><strong>progr.</strong></span> <span class='ocrx_word' id='word_1_264' title='bbox 1077 3947 1226 4014; x_wconf 82' lang='lat' dir='ltr'><strong>Straubiug</strong></span> <span class='ocrx_word' id='word_1_265' title='bbox 1247 3948 1375 4002; x_wconf 79' lang='grc'>1885186.</span> 
     </span>
    </p>

    <p class='ocr_par' dir='ltr' id='par_1_5' title="bbox 225 4035 1374 4198">
     <span class='ocr_line' id='line_1_36' title="bbox 316 4035 1374 4108; baseline -0.003 -16"><span class='ocrx_word' id='word_1_266' title='bbox 316 4040 380 4108; x_wconf 90' lang='grc'>210)</span> <span class='ocrx_word' id='word_1_267' title='bbox 401 4036 435 4092; x_wconf 88' lang='lat' dir='ltr'><strong>cf.</strong></span> <span class='ocrx_word' id='word_1_268' title='bbox 455 4039 537 4093; x_wconf 86' lang='lat' dir='ltr'><strong>Isocr.</strong></span> <span class='ocrx_word' id='word_1_269' title='bbox 562 4041 638 4108; x_wconf 81' lang='grc' dir='ltr'><strong>Χ,59</strong></span> <span class='ocrx_word' id='word_1_270' title='bbox 663 4040 707 4094; x_wconf 87' lang='lat' dir='ltr'><strong>Ps.</strong></span> <span class='ocrx_word' id='word_1_271' title='bbox 727 4041 811 4096; x_wconf 88' lang='lat' dir='ltr'><strong>Isocr.</strong></span> <span class='ocrx_word' id='word_1_272' title='bbox 831 4043 894 4108; x_wconf 87' lang='grc'>1,16</span> <span class='ocrx_word' id='word_1_273' title='bbox 919 4043 983 4094; x_wconf 87' lang='lat' dir='ltr'><strong>Ant.</strong></span> <span class='ocrx_word' id='word_1_274' title='bbox 995 4039 1042 4106; x_wconf 89' lang='lat' dir='ltr'><strong>VI,</strong></span> <span class='ocrx_word' id='word_1_275' title='bbox 1052 4041 1085 4092; x_wconf 85' lang='lat'><strong>18</strong></span> <span class='ocrx_word' id='word_1_276' title='bbox 1109 4036 1180 4091; x_wconf 86' lang='lat' dir='ltr'><strong>And.</strong></span> <span class='ocrx_word' id='word_1_277' title='bbox 1200 4035 1247 4104; x_wconf 84' lang='lat'><strong>1‚9</strong></span> <span class='ocrx_word' id='word_1_278' title='bbox 1273 4037 1374 4092; x_wconf 86' lang='lat' dir='ltr'><strong>Aesch.</strong></span> 
     </span>
     <span class='ocr_line' id='line_1_37' title="bbox 225 4127 909 4198; baseline 0.007 -19"><span class='ocrx_word' id='word_1_279' title='bbox 225 4127 246 4194; x_wconf 89' lang='grc' dir='ltr'><strong>Ι,</strong></span> <span class='ocrx_word' id='word_1_280' title='bbox 257 4131 308 4182; x_wconf 89' lang='grc'><strong>170</strong></span> <span class='ocrx_word' id='word_1_281' title='bbox 327 4129 425 4197; x_wconf 84' lang='lat'>1,195;</span> <span class='ocrx_word' id='word_1_282' title='bbox 444 4131 506 4183; x_wconf 88' lang='lat' dir='ltr'><strong>Ant.</strong></span> <span class='ocrx_word' id='word_1_283' title='bbox 529 4130 560 4197; x_wconf 89' lang='lat' dir='ltr'><strong>V,</strong></span> <span class='ocrx_word' id='word_1_284' title='bbox 570 4132 603 4183; x_wconf 86' lang='grc'><strong>29</strong></span> <span class='ocrx_word' id='word_1_285' title='bbox 622 4129 668 4184; x_wconf 92' lang='lat' dir='ltr'><strong>Ps.</strong></span> <span class='ocrx_word' id='word_1_286' title='bbox 681 4130 757 4184; x_wconf 92' lang='lat' dir='ltr'><strong>Dem.</strong></span> <span class='ocrx_word' id='word_1_287' title='bbox 771 4131 909 4198; x_wconf 85' lang='lat' dir='ltr'><strong>XXV‚61.</strong></span> 
     </span>
    </p>

    <p class='ocr_par' dir='ltr' id='par_1_6' title="bbox 315 4215 1273 4288">
     <span class='ocr_line' id='line_1_38' title="bbox 315 4215 1273 4288; baseline -0.001 -17"><span class='ocrx_word' id='word_1_288' title='bbox 315 4221 379 4286; x_wconf 84' lang='lat'>211)</span> <span class='ocrx_word' id='word_1_289' title='bbox 398 4218 476 4272; x_wconf 92' lang='lat' dir='ltr'><strong>Dem.</strong></span> <span class='ocrx_word' id='word_1_290' title='bbox 495 4219 570 4287; x_wconf 87' lang='lat' dir='ltr'>XIII,</span> <span class='ocrx_word' id='word_1_291' title='bbox 579 4221 613 4272; x_wconf 76' lang='lat'><strong>45</strong></span> <span class='ocrx_word' id='word_1_292' title='bbox 632 4221 717 4274; x_wconf 87' lang='lat' dir='ltr'><strong>Isocr.</strong></span> <span class='ocrx_word' id='word_1_293' title='bbox 735 4219 810 4288; x_wconf 90' lang='lat' dir='ltr'><strong>VllI,</strong></span> <span class='ocrx_word' id='word_1_294' title='bbox 819 4224 861 4275; x_wconf 86' lang='lat'><strong>34.</strong></span> <span class='ocrx_word' id='word_1_295' title='bbox 1020 4220 1083 4288; x_wconf 87' lang='grc'>212)</span> <span class='ocrx_word' id='word_1_296' title='bbox 1103 4217 1180 4272; x_wconf 88' lang='lat' dir='ltr'><strong>Dem</strong></span> <span class='ocrx_word' id='word_1_297' title='bbox 1199 4215 1273 4284; x_wconf 86' lang='lat' dir='ltr'><strong>1,1a.</strong></span> 
     </span>
    </p>

    <p class='ocr_par' dir='ltr' id='par_1_7' title="bbox 316 4305 1375 4379">
     <span class='ocr_line' id='line_1_39' title="bbox 316 4305 1375 4379; baseline -0.002 -20"><span class='ocrx_word' id='word_1_298' title='bbox 316 4309 380 4377; x_wconf 83' lang='lat'>213)</span> <span class='ocrx_word' id='word_1_299' title='bbox 402 4310 475 4362; x_wconf 89' lang='lat' dir='ltr'><strong>Dem.</strong></span> <span class='ocrx_word' id='word_1_300' title='bbox 495 4309 584 4376; x_wconf 86' lang='lat'>111‚31</span> <span class='ocrx_word' id='word_1_301' title='bbox 606 4309 670 4379; x_wconf 86' lang='lat' dir='ltr'><strong>Lys.</strong></span> <span class='ocrx_word' id='word_1_302' title='bbox 688 4309 792 4378; x_wconf 82' lang='lat' dir='ltr'>v11‚22</span> <span class='ocrx_word' id='word_1_303' title='bbox 812 4310 873 4378; x_wconf 81' lang='lat' dir='ltr'>XII,</span> <span class='ocrx_word' id='word_1_304' title='bbox 882 4313 925 4364; x_wconf 88' lang='lat'><strong>60.</strong></span> <span class='ocrx_word' id='word_1_305' title='bbox 1051 4310 1116 4378; x_wconf 82' lang='lat'>214)</span> <span class='ocrx_word' id='word_1_306' title='bbox 1136 4306 1234 4363; x_wconf 80' lang='lat' dir='ltr'><strong>Aesch.</strong></span> <span class='ocrx_word' id='word_1_307' title='bbox 1254 4305 1304 4375; x_wconf 88' lang='lat' dir='ltr'><strong>Ill,</strong></span> <span class='ocrx_word' id='word_1_308' title='bbox 1313 4307 1375 4359; x_wconf 83' lang='lat'><strong>355.</strong></span> 
     </span>
    </p>
   </div>
   <div class='ocr_carea' id='block_1_4' title="bbox 0 0 1444 4734">
    <p class='ocr_par' dir='ltr' id='par_1_8' title="bbox 0 0 1444 4734">
     <span class='ocr_line' id='line_1_40' title="bbox 0 0 1444 4734; baseline 0 1"><span class='ocrx_word' id='word_1_309' title='bbox 0 0 1444 4734; x_wconf 95' lang='lat' dir='ltr'><strong> </strong></span> 
     </span>
    </p>
   </div>
  </div>
 </body>
</html>
