2880 4734
695 267 736 341 115

232 442 341 539 Saepe
375 443 491 518 autem
513 446 695 518 venatores
712 445 857 537 'quoque
886 447 953 537 ipsi
974 471 995 516 a
1017 444 1141 517 bestiis
1166 449 1295 536 lacera-

144 558 280 640 bantur,
296 573 298 578 ’
317 576 383 644 quo
415 549 650 623 crudelissimo
685 554 876 643 spectaculo
909 550 1053 622 Romani
1086 578 1153 622 non
1184 556 1293 622 minus

145 680 247 749 quam
268 661 497 749 gladiatorum
526 661 618 728 inter
640 683 676 728 se
699 659 883 728 commissis
912 662 1033 748 pugnis
1058 660 1293 729 laetabantur.

154 800 158 806 ·
193 784 195 788 ’
231 765 496 856 Priusquamad
511 767 625 834 nobile
641 765 790 834 studium
805 759 1294 854 Romanorum'transg'rediar

143 895 197 940 me
235 873 405 962 explicare
442 896 578 941 necesse
615 876 678 956 est,
718 895 784 961 qua
814 873 855 940 de
887 895 989 940 causa
1018 875 1066 940 ab¹
1092 873 1293 959 imaginibus

143 973 358 1066 Pompeianis
379 976 633 1067 similibusque,
667 979 787 1066 quibus
819 972 875 1046 101
888 981 933 1075 ‚et
957 973 1076 1045 tantae
1109 1002 1164 1046 res
1198 979 1293 1047 vitae

143 1083 316 1152 Romanae
352 1085 479 1173 optime
509 1084 743 1167 illustrantur,
776 1084 810 1150 in
840 1081 903 1151 hac
935 1082 1161 1172 descriptione
1192 1084 1293 1173 plane

143 1189 318 1257 abstinere
341 1190 452 1265 velim,
497 1190 616 1256 Multis
639 1191 753 1256 verbis
789 1189 898 1257 dicere
929 1213 997 1257 non
1023 1213 1106 1277 opus
1137 1198 1201 1274 est,
1234 1212 1293 1257 cur

143 1294 229 1361 nihil
258 1295 325 1363 eis
354 1294 557 1383 imaginibus
580 1293 751 1383 probetur,
781 1292 866 1384 quae
888 1318 955 1363 non
978 1296 1085 1364 vitam
1107 1296 1292 1363 Romanam

134 1400 204 1468 'sed
237 1400 376 1469 litteras
407 1399 555 1470 Graecas
589 1400 754 1485 referant,
782 1396 885 1468 'velut
916 1401 977 1467 illa
1008 1423 1075 1489 qua
1109 1401 1293 1467 carminum

142 1507 187 1574 A.
199 1506 238 1574 P.
250 1506 312 1591 VI,
331 1507 467 1591 11-16,
486 1508 659 1576 179-187
680 1510 916 1594 argumentum
937 1507 1219 1594 repraesentatur
1227 1507 1291 1593 ²⁹²).

144 1612 290 1680 Ceterae
312 1613 486 1700 imagines,
512 1634 597 1701 quae
620 1612 664 1681 ad
686 1617 847 1680 venatum
870 1616 1035 1701 spectant,
1061 1612 1192 1699 disponi
1214 1635 1291 1700 pos-

144 1722 226 1786 sunt
248 1717 283 1786 in
305 1722 422 1808 partes
447 1723 529 1787 tres.
564 1719 606 1786 Iu
629 1720 740 1807 prima
763 1717 862 1786 valde
883 1738 1063 1785 numerosa
1085 1718 1292 1807 conspiciun-

144 1826 204 1891 tur
225 1824 320 1892 ferae
344 1825 415 1892 sine
447 1824 647 1908 hominibus,
681 1845 822 1913 quarum
853 1829 992 1892 exterae
1022 1824 1207 1891 artificibus
1231 1846 1294 1911 per

143 1929 242 1997 ludos
278 1929 445 1998 circenses
482 1937 581 2000 erant
613 1935 725 1998 notae.
750 1970 790 1980 -
815 1931 858 1996 In
895 1932 1008 1999 altera
1044 1934 1294 2018 cognoscuntur

146 2036 301 2106 Graecae
322 2036 467 2123 tabulae,
490 2038 670 2126 praecipue
692 2037 858 2124 Meleagri
880 2037 1074 2107 Actaeonis.
1100 2077 1139 2086 -

175 2189 180 2195 ·
198 2191 202 2196 ‚
231 2143 274 2210 ln
296 2144 404 2211 tertia
417 2144 560 2235 Amores
584 2147 754 2212 venantur
771 2143 865 2230 (quin
881 2143 984 2211 etiam
999 2143 1142 2229 retibus)
1157 2142 1291 2229 lepores

143 2239 261 2317 cervos
285 2272 380 2317 ursos
402 2249 516 2317 leones
540 2249 583 2316 al.
629 2249 683 2315 Ex
705 2249 757 2316 his
783 2249 864 2317 solis
888 2248 1018 2338 aliquid
1046 2248 1087 2316 de
1110 2247 1184 2314 vita
1207 2251 1289 2316 coti-

144 2354 245 2442 diana
267 2354 433 2424 discimus.
478 2355 629 2424 Labores
652 2355 815 2424 cotidiani
841 2359 918 2422 arte
940 2354 1153 2443 Pompeiana,
1176 2356 1217 2420 nt
1239 2354 1290 2421 ita

142 2458 298 2529 breviter
336 2459 454 2546 dicam,
495 2485 562 2528 non
592 2460 694 2550 plane
733 2460 773 2528 de
804 2460 981 2529 vitasunt
1012 2459 1139 2548 depicti
1169 2459 1228 2526 sed
1252 2482 1290 2526 eo

143 2565 250 2650 modo,
281 2569 320 2633 ut
342 2567 487 2635 Amores
518 2566 656 2656 parvuli
685 2567 781 2655 quasi
810 2590 872 2655 per
901 2567 1008 2634 iocum
1040 2566 1125 2634 laeti
1155 2566 1289 2633 labores

142 2671 332 2760 perficiant.
378 2671 435 2740 Sic
456 2672 600 2740 Amores
624 2696 755 2762 quoque
778 2678 958 2757 venantur,
986 2695 1069 2760 qnos
1093 2671 1232 2759 nequis
1256 2671 1291 2736 in

144 2777 222 2844 lusu
245 2800 320 2846 esse
342 2782 444 2867 putet
475 2802 591 2847 moneo
616 2778 674 2845 sed
696 2779 732 2844 in
754 2778 882 2846 labore.
928 2779 994 2861 Qui
1017 2778 1053 2843 id
1075 2778 1164 2865 quod
1187 2800 1291 2864 supra
1381 2837 1383 2842 .

146 2886 200 2951 est
222 2883 427 2971 explicatum
450 2884 634 2972 diligenter
664 2886 854 2973 perlegerit
884 2884 1003 2952 statim
1025 2884 1208 2970 intelleget
1228 2881 1289 2950 hos

145 2988 290 3057 Amores
312 3012 379 3056 non
402 2989 594 3077 significare
616 2990 729 3057 nobile
746 2990 903 3073 studium,
929 2988 1081 3056 sedilios
1098 2992 1288 3072 venatores

145 3099 202 3187 qui
233 3097 304 3167 sive
338 3103 464 3186 cogunt
498 3098 591 3167 feras
622 3100 666 3167 ad
702 3099 867 3168 circenses
901 3098 998 3167 ludos
1031 3098 1102 3167 sive
1132 3097 1168 3164 in
1201 3097 1290 3165 circo

144 3206 301 3292 pugnant
323 3205 406 3292 ipso.
846 3222 850 3231 '

234 3309 407 3378 Confiteor
430 3309 608 3378 nonnullas
639 3311 803 3398 imagines
832 3314 967 3378 restare
990 3309 1025 3376 in
1048 3310 1167 3397 quibus
1191 3330 1291 3376 vena-

144 3414 239 3482 tores
264 3415 350 3500 (cum
373 3415 467 3504 equis
491 3419 527 3483 01
550 3415 701 3501 canibus)
726 3420 805 3483 sunt
834 3416 907 3484 ficti
929 3415 1001 3484 sine
1031 3416 1101 3482 ullo
1124 3418 1218 3481 certo
1241 3415 1290 3480 in·

146 3513 243 3602 dicio,
266 3523 383 3587 utrum
407 3519 531 3587 artifici
554 3520 590 3586 in
613 3521 722 3587 animo
745 3521 877 3588 fuerint
899 3525 1091 3602 venatores,
1116 3519 1174 3607 qui
1195 3520 1289 3586 feras

145 3647 187 3692 ex
210 3624 321 3692 officio
344 3629 492 3714 captent,
517 3649 560 3693 an
583 3626 712 3693 nobiles
735 3627 879 3693 Romam
901 3626 1161 3712 graecissantes.

148 3821 150 3826 Α
231 3785 405 3852 Revertar
435 3785 478 3852 ad
508 3787 651 3853 alteram
675 3810 700 3853 s.
726 3786 756 3852 d.
790 3786 979 3875 opinionem
1007 3806 1216 3873 nequaquam
1248 3807 1289 3850 ex

145 3891 243 3959 initio
260 3893 455 3978 Romanam,
480 3894 523 3961 de
545 3917 611 3983 qua
632 3895 795 3962 nonnulla
817 3895 884 3962 iam
902 3895 981 3961 dixi.
1027 3893 1189 3976 Quamvis
1205 3916 1289 3960 nuu-

145 4019 245 4085 quam
268 3997 449 4083 defuerint,
474 4000 532 4087 qui
555 4000 654 4069 velut>
670 4000 854 4069 Sallustius
878 4006 1038 4068 venatum
1059 4003 1163 4086 atque
1186 3999 1289 4065 etiam

145 4102 390 4190 agriculturam
415 4127 577 4192 operase
605 4107 806 4195 putaverint
836 4106 984 4193 indigna,
1020 4104 1098 4193 quia
1124 4103 1289 4191 imprimis

146 4230 323 4285 servorum
347 4209 459 4278 officia
482 4200 606 4296 essent,
630 4216 744 4281 tamen
765 4211 914 4300 hocipso
930 4216 1084 4298 tempore
1099 4232 1166 4277 non
1180 4209 1288 4276 minus

242 4373 305 4476 297)
326 4405 356 4460 cf
373 4407 486 4480 Dilthey
504 4411 575 4464 Ann.
594 4408 620 4464 d.
640 4410 707 4464 lust.
729 4412 796 4464 1876
815 4424 877 4478 pag.
897 4411 949 4464 305
968 4407 1053 4478 (Mon.
1072 4406 1106 4476 X,
1125 4408 1180 4475 36).

1038 4497 1060 4564 5
