2880 4734
702 254 745 320 66

149 453 247 520 quam
270 429 516 520 quinquaginta
538 428 635 497 annis
657 433 737 519 post
752 433 895 499 venatus
913 428 1064 519 explevit
1080 428 1186 498 otium
1202 429 1287 500 satis

143 538 326 605 multorum
348 535 512 604 nobilium
526 536 765 603 Romanorum.
810 536 879 604 Res
895 535 1030 625 publica
1043 559 1146 624 penes
1161 559 1287 626 pancos

144 647 229 727 erat,
268 642 319 711 ita
351 645 391 709 nt
423 641 519 730 copia
553 641 616 708 otii
650 645 685 709 et
718 641 832 729 inopia
865 642 1075 729 publicorum
1112 665 1289 710 munerum

142 749 422 838 negotiorumque
444 747 570 815 multos
593 747 685 816 viros
708 747 777 815 alia
807 752 843 816 et
864 748 1004 836 privata
1025 749 1165 834 negotia
1187 772 1289 837 quae·

141 877 218 923 rere
241 857 388 940 cogeret.

231 960 309 1026 Non
332 958 477 1025 omnium
499 959 602 1026 animi
625 961 725 1027 erant
748 958 833 1026 satis
856 959 1006 1044 mobileS,
1031 963 1070 1027 ut
1091 959 1159 1048 ipsi
1181 960 1289 1028 libros

150 1067 294 1155 scriptos
339 1066 534 1153 proferrent
571 1068 632 1133 aut
669 1064 789 1134 saltem
833 1065 977 1154 legendo
1022 1064 1289 1133 delectarentur.

144 1172 256 1261 Siquis
279 1171 409 1240 minore
440 1171 554 1239 indole
583 1170 761 1260 praeditus
796 1176 882 1256 erat,
915 1171 1009 1260 agris
1042 1171 1111 1240 suis
1138 1169 1290 1240 colendis

143 1282 179 1346 et
201 1278 377 1366 pecoribus
400 1277 475 1344 ruri
498 1276 628 1344 alendis
651 1277 757 1344 otium
780 1278 861 1364 egit.
906 1277 1006 1345 Alius
1022 1280 1183 1344 venatum
1203 1276 1290 1344 cole·

143 1386 213 1469 bat,
245 1384 334 1471 quod
362 1383 515 1451 studium
536 1382 703 1450 Horatius
732 1382 864 1450 illustri
885 1382 987 1451 laude
1009 1383 1167 1470 (sublime
1190 1384 1291 1474 opus>

146 1489 281 1558 extulit.
327 1488 520 1576 Antequam
543 1488 585 1555 de
607 1488 755 1556 Horatio
787 1488 865 1576 ipso·
883 1493 919 1557 et
941 1490 1013 1558 eius
1040 1493 1156 1559 aetate
1178 1491 1290 1560 fusius

146 1600 280 1683 agatur,
312 1597 434 1676 restat,
465 1597 506 1661 ut
534 1593 686 1682 paullum
714 1594 910 1681 regrediens
939 1600 1102 1684 quantum
1130 1619 1194 1685 per
1224 1619 1292 1663 ma-

143 1702 265 1771 teriem
294 1700 370 1768 fieri
398 1704 513 1788 potest
544 1700 701 1768 continue
732 1701 903 1790 explicem.
935 1702 1056 1790 quibus
1091 1726 1132 1769 ex
1154 1703 1290 1791 populis

146 1808 295 1875 studium
331 1806 477 1875 venandi
513 1807 626 1874 nobile
662 1805 805 1874 Romam
842 1808 889 1876 sit
925 1808 1146 1897 importatum
1168 1847 1213 1857 —
1236 1807 1292 1876 vel
1345 1833 1346 1836 ¹

145 1913 284 1996 rectius,
319 1912 438 2000 quibus
472 1933 514 1978 ex
547 1912 653 1980 terris
686 1913 831 1981 Romani
862 1913 930 2001 ipsi
962 1914 1111 1982 studium
1144 1913 1292 1982 venandi

143 2019 409 2108 reportaverint.

232 2178 344 2268 Supra
379 2178 635 2248 commemoravi
668 2178 856 2267 Scipionem
882 2178 1109 2248 Aemilianum
1143 2178 1292 2264 Polybio

144 2284 329 2352 adiuvante
358 2284 486 2352 factum
517 2307 589 2353 esse
620 2287 796 2351 strenuum
826 2290 1034 2354 venatorem.
1087 2284 1145 2353 Ad
1173 2284 1294 2352 educa·

147 2390 274 2458 tionem
298 2390 369 2458 eius
391 2390 572 2459 arcessitos
597 2413 670 2458 esse
693 2391 847 2459 traditur
870 2389 1157 2477 aPlntarcho²⁹⁸)
1181 2389 1292 2461 Grae-

144 2519 200 2563 cos
223 2519 291 2563 non
313 2495 422 2562 solum
450 2496 688 2582 grammaticos
721 2496 891 2584 sophistas
923 2501 1079 2566 oratores
1104 2495 1163 2564 sed
1185 2495 1293 2563 etiam

146 2601 295 2668 artifices
327 2601 476 2688 fingendi
507 2605 544 2670 et
571 2601 732 2691 pingendi
754 2602 890 2688 artium,
922 2626 1037 2672 servos
1061 2602 1105 2669 ad
1127 2623 1230 2689 equos
1254 2603 1292 2667 et

145 2730 243 2775 canes
267 2707 442 2790 curandos
466 2708 612 2776 venandi
634 2709 816 2795 magistros
831 2709 1040 2796 (διδάσκαλοι
1063 2713 1172 2794 θήρας
1185 2708 1292 2774 nomi-

148 2812 297 2901 nantur).
343 2813 469 2881 Postea
492 2812 604 2901 Scipio
637 2836 672 2881 se
703 2814 739 2880 in
771 2815 898 2903 saeptis
930 2838 1049 2903 regum
1072 2813 1294 2881 Macedonum

144 2940 206 3006 par
222 2922 384 3006 quattuor
401 2941 505 2987 annos
521 2919 666 3006 integris
687 2921 799 2989 studio
816 2921 962 2990 venandi
977 2919 1117 2988 dedidit.
1163 2918 1295 2986 Tamen

144 3047 206 3112 per
231 3048 266 3092 se
290 3025 422 3114 quidem
446 3025 531 3094 satis
554 3026 690 3094 dubium
713 3032 776 3111 est,
805 3051 886 3094 num
916 3025 977 3094 alii
998 3025 1127 3094 nobiles
1150 3024 1292 3093 iuvenes

146 3129 290 3196 Romani
318 3131 506 3219 exemplum
536 3130 606 3198 cius
640 3132 769 3200 imitati
804 3134 883 3213 sint,
922 3132 957 3199 id
991 3131 1080 3220 quod
1112 3129 1294 3216 Kiessling

146 3235 243 3303 docte
265 3235 318 3302 his
342 3237 456 3305 verbis
480 3236 715 3326 explicat²⁹⁹):
743 3238 807 3307 Die
829 3235 1200 3327 plebejisch·nationale
1223 3235 1293 3302 Re-

147 3339 268 3409 aktion
290 3343 352 3408 auf
372 3343 463 3409 allen
479 3343 649 3412 Gebieten
664 3344 722 3412 des
736 3345 876 3427 Lebens,
901 3345 962 3410 der
977 3341 1117 3426 Politik,
1142 3342 1206 3409 wie
1229 3340 1293 3408 der

145 3442 236 3514 Sittc
266 3447 335 3513 und
355 3448 472 3515 Kunst
502 3448 633 3517 scheint
662 3450 716 3517 dic
744 3450 988 3537 Nachahmung
1018 3447 1220 3517 verbindert
1248 3472 1293 3513 zu

143 3553 262 3620 baben.
278 3592 320 3601 -
343 3553 418 3620 Uno
444 3558 577 3622 tantum
599 3555 672 3623 loco
689 3579 731 3622 ex
747 3556 939 3643 fragmento
956 3555 1098 3644 quodam
1114 3552 1226 3620 Lucili
1236 3551 1292 3637 300)

145 3659 266 3726 nobilis
282 3659 426 3726 Romani
441 3660 510 3728 viri
526 3661 675 3728 studium
692 3685 766 3730 ven.
783 3662 898 3749 detegi
913 3684 1012 3750 posse
1035 3660 1199 3748 suspicor.
1233 3659 1293 3727 Ad

144 3787 281 3833 versum
301 3764 412 3832 Lucili
434 3767 522 3853 <tum
546 3790 649 3855 spara
671 3771 744 3834 tum
767 3768 910 3836 rumices
933 3770 1127 3856 portantur,
1151 3757 1293 3852 tragula

145 3871 265 3959 porro>
298 3871 397 3937 Marx
411 3871 465 3959 ³⁰¹)
498 3872 642 3941 adnotat
673 3896 811 3942 versum
843 3874 900 3941 vix
929 3872 998 3940 alia
1026 3872 1161 3940 ratione
1192 3894 1294 3958 posse

145 3976 302 4064 intellegi
324 3976 391 4044 nisi
414 3977 454 4046 de
477 3977 681 4061 muneribus,
714 4001 798 4067 quae
821 3981 863 4047 ab
886 3979 1073 4046 hominibus
1095 3977 1293 4066 agrestibus

233 4176 299 4243 298)
317 4173 390 4230 Plut.
410 4174 486 4228 Aem.
506 4173 583 4229 Paul.
603 4189 662 4244 cap.
682 4176 707 4229 6.

235 4265 300 4333 299)
319 4263 459 4333 Kicssling
478 4261 570 4318 Neues
590 4264 742 4321 Schweizer
760 4265 885 4322 Museum
904 4269 920 4322 5
940 4267 1034 4339 (1805)
1054 4283 1117 4337 pag.
1137 4268 1197 4324 334.
1250 4262 1252 4265 ’

235 4355 299 4422 300)
318 4352 364 4422 frg
387 4356 455 4408 1315
474 4352 516 4408 ed.
536 4354 625 4409 Marx.
742 4358 807 4426 301)
826 4357 915 4412 Marx.
935 4374 1029 4414 comm.
1049 4375 1075 4427 p.
1095 4361 1146 4415 421
1166 4361 1257 4427 1275.
