2880 4734
735 190 777 256 34

183 362 324 432 Graecis
348 364 487 432 ducibus
515 364 637 452 dignus
660 364 717 452 qui
750 364 907 453 cupiatur
940 364 993 432 vel
1029 364 1144 453 potins
1168 367 1334 453 captetur

183 469 344 556 (θηραπέα
366 469 457 555 τόξα)
473 469 524 556 ¹⁴⁴)
548 473 691 557 putatur
712 471 772 553 ita,
807 473 847 537 ut
869 469 966 558 quasi
989 471 1203 538 venationem
1230 493 1334 538 arcus

182 579 313 660 gerant.
340 575 393 641 cui
416 574 570 662 praesint
594 574 835 663 Neoptolemus
859 581 894 643 et
917 576 1045 642 Ulixes.
1091 575 1184 643 Haec
1205 599 1334 662 cogno-

183 684 324 747 scuntur
348 703 390 747 ex
412 679 496 767 ipsis
518 679 734 768 Neoptolemi
759 681 871 748 verbis
886 680 958 764 145);
994 682 1059 765 ἐγὼ
1082 681 1183 763 θ’ὁρῶ
1206 682 1334 748 οὕνεκα

182 791 295 873 θήραν
325 790 424 872 τήνδε
458 787 559 865 dilue
588 791 707 873 ἔχομεν
738 789 853 868 τόξων.
897 790 1033 856 Ulixem
1056 812 1160 877 supra
1182 789 1333 856 vidimus

182 897 304 984 potitae
342 898 516 961 strenuum
553 897 749 960 venatorem
788 893 894 960 visum
939 916 1021 961 esse.
1083 895 1198 962 Etiam
1235 895 1334 961 aliud

183 998 371 1086 exemplum
393 998 508 1065 eadem
531 998 648 1066 fabula
676 1000 870 1087 praebetur.
915 999 1088 1067 Mercator
1118 1000 1206 1067 enim
1228 999 1334 1067 Hele-

183 1126 262 1170 num
272 1103 400 1170 Priami
415 1104 521 1170 filium
536 1105 577 1170 ab
589 1103 691 1171 Ulixe
706 1106 843 1190 captum
857 1103 1009 1192 appellat
1024 1109 1136 1189 θηραν
1151 1103 1334 1189 eatam).

184 1208 239 1276 Sic
260 1208 387 1276 iterum
408 1209 527 1276 Ulixes
551 1207 764 1276 Philoctetae
792 1208 992 1296 supervenit
1012 1212 1054 1276 ut
1077 1213 1221 1277 venator
1245 1208 1334 1276 feris

182 1313 436 1401 inopinantibus
452 1313 524 1399 147);

314 1413 375 1486 οἷ’
397 1416 441 1486 αὖ
462 1419 657 1504 μ’ὖπηλθες,
682 1421 726 1496 ὡς
748 1418 949 1503 μ’ἐθηράσω,
972 1421 1086 1503 λαβών
1108 1423 1197 1484 aad.

185 1524 272 1607 Quin
307 1525 410 1592 etiam
442 1523 565 1590 vinciri
588 1523 825 1603 Philoctetam,
860 1524 1049 1612 refugiat,
1082 1523 1200 1591 Ulixes
1223 1523 1333 1591 iubet.

184 1630 270 1696 Tum
292 1630 351 1696 ille
373 1652 490 1696 manus
514 1651 592 1696 suas
615 1629 804 1717 alloquitur
817 1629 869 1716 148)
893 1680 977 1696 ....
1002 1626 1028 1695 ὦ
1051 1641 1158 1715 χεῖρες

403 1785 486 1804 ...
509 1734 562 1800 ὑπ’
588 1734 711 1818 ἀνδρὸς
734 1737 832 1801 τοῦδε
855 1737 1125 1819 συνθηρώμεναι.

183 1840 276 1928 Apte
306 1840 454 1929 quadrat
485 1839 529 1906 ad
561 1862 748 1907 sermonem
770 1841 961 1907 venaticum
991 1839 1078 1906 illud
1105 1839 1335 1906 miserrimum

183 1945 396 2012 Philoctetae
409 1943 461 2031 149)
473 1969 479 2009 :

243 2049 297 2117 καὶ
320 2050 414 2134 μὀὓς
436 2050 571 2134 ἐθήρων
594 2053 725 2132 πρόσθε
748 2051 938 2133 θηράσονσι
961 2060 1025 2116 νῦν
1048 2048 1091 2137 (q.
1117 2072 1143 2116 s.
1165 2048 1272 2133 aves).

270 2156 363 2223 Haeo
395 2178 457 2243 pro
486 2155 642 2243 pluribus
672 2154 849 2223 sufficiant.
906 2153 1088 2243 Sophocles
1124 2156 1232 2243 igitur
1262 2177 1334 2222 non

183 2263 292 2329 minus
314 2263 463 2329 libenter
486 2284 586 2350 quam
602 2261 794 2347 Aeschylus
818 2261 980 2328 terminos
1004 2261 1177 2329 venaticos
1197 2261 1331 2343 inserit,

183 2368 300 2456 Neque
320 2367 372 2434 his
395 2367 525 2434 duabus
548 2366 674 2434 fabulis
697 2366 946 2451 constringitur
961 2366 1044 2431 hacc
1059 2388 1125 2447 res,
1149 2365 1335 2434 sedetiam

183 2473 219 2539 in
242 2473 366 2539 ceteris
390 2473 477 2539 talia
498 2471 728 2550 inveniuntur,
752 2470 904 2537 velutin
927 2470 1104 2556 Antigona
1116 2471 1169 2557 150)
1360 2487 1364 2491 ’

401 2579 526 2661 χ’ἡμεῖς
548 2579 678 2653 ἰδόντες
701 2576 850 2660 ἱέμεσθα,
874 2579 939 2643 σὺν
964 2575 1005 2641 δέ
1025 2601 1081 2642 νιν

401 2681 571 2765 θηρώμεθ’
598 2681 705 2758 εὐθὺς
727 2679 829 2747 οὐδὲν
850 2680 1123 2766 ἐκπεπληγμένην

184 2791 246 2855 eut
266 2789 303 2854 in
325 2787 528 2873 fragmentis
542 2785 594 2873 ¹⁵¹)

402 2893 439 2958 ἐν
462 2902 507 2980 τῷ
529 2896 646 2979 Πηλίῳ
669 2902 736 2957 πᾶν
758 2898 866 2975 μῆλον
887 2899 1055 2976 θηρῶντα.

272 3016 327 3082 Ad
364 3016 563 3103 Euripidem
598 3019 829 3093 transeamus,
876 3015 933 3102 qui
971 3019 1006 3082 et
1044 3016 1115 3102 ipse
1152 3015 1334 3104 praeclara

184 3123 336 3210 exempla
372 3143 467 3188 meae
504 3121 654 3208 opinioni
691 3120 797 3187 addit.
851 3119 1002 3186 Primum
1039 3120 1186 3187 habeant
1221 3120 1334 3187 locum

185 3226 346 3294 Bacchae.
399 3228 474 3310 Qua
510 3228 546 3292 in
582 3226 700 3293 fabula
737 3224 910 3293 Pentheus
948 3226 1005 3291 ὑπ’
1036 3225 1133 3309 ’Ἀτης
1170 3224 1332 3314 deceptus

184 3332 352 3399 Bacchum
374 3333 440 3400 coli
463 3335 499 3398 et
522 3331 670 3399 Bacchas
694 3332 816 3419 vagari
838 3335 939 3398 vetat
970 3335 1074 3418 atque
1099 3333 1140 3397 ob
1163 3353 1237 3397 eam
1258 3353 1333 3398 rem

185 3437 314 3503 crudeli
347 3437 444 3504 modo
479 3460 500 3504 a
528 3442 640 3504 matre
675 3437 839 3525 sociisque
873 3437 944 3503 eius
978 3424 1195 3503 interficitur.
1235 3436 1333 3520 Ἄτην

186 3566 261 3610 eum
282 3543 318 3609 in
338 3543 459 3610 mortis
483 3545 590 3626 ἄρκυν
612 3543 782 3630 pepulisse
805 3564 886 3609 vere
916 3541 1028 3608 dicere
1056 3563 1245 3629 possumus.
1291 3542 1335 3607 ln

184 3648 301 3715 fabula
334 3652 449 3715 autem
478 3649 605 3714 iterum
635 3649 825 3734 iterumque
848 3647 985 3714 venatio
1019 3647 1199 3715 translatis
1227 3647 1334 3736 signi-

277 3934 339 3998 144)
362 3933 420 3986 116.
534 3933 594 3998 145)
614 3935 673 3985 841.
784 3935 847 4002 146)
866 3936 926 3988 609.
1038 3938 1101 4005 147)
1123 3940 1200 3992 1007.

277 4023 339 4090 148)
362 4024 429 4075 1005
449 4019 484 4073 cf.
504 4022 632 4090 Aeschyli
652 4021 771 4091 Choeph.
792 4026 844 4077 480
867 4020 969 4085 πέδαις
988 4022 1197 4094 θ’ὰχαλκεύτοις
1216 4019 1333 4096 ἐθηρεύ-

185 4112 250 4177 θης,
268 4109 364 4178 πάτερ.

278 4203 340 4272 149)
359 4205 411 4257 958
431 4202 467 4259 cf.
486 4203 517 4258 Ο.
538 4203 566 4256 C.
589 4204 657 4257 1026
675 4201 724 4256 καὶ
743 4199 822 4257 celte
842 4206 966 4272 θηρῶντ’
985 4203 1003 4272 ἡ
1022 4204 1100 4274 τύχη.

278 4292 340 4361 150)
359 4294 450 4362 Antig.
470 4298 531 4349 433.
641 4294 704 4363 151)
722 4291 767 4360 frg
786 4293 837 4347 inc.
857 4296 917 4347 911.
