2880 4734
707 315 750 382 82

244 487 334 556 Vere
367 486 504 555 secundi
525 486 557 554 h.
582 510 608 555 s.
632 488 712 556 anni
743 489 778 556 in
809 487 931 557 civium
963 487 1152 558 academiae
1176 490 1302 580 Philip·

156 592 254 682 pinse
269 593 526 682 Marpurgensis
550 616 724 662 numerum
748 598 906 684 receptus
930 618 1011 680 sum,
1036 600 1075 664 ut
1090 595 1302 684 philologieis

156 699 279 767 studiis
310 722 363 766 me
394 697 559 768 dederem.
613 699 759 767 Praeter
791 701 876 767 alios
909 701 1002 770 viros
1037 701 1156 769 doctos
1189 702 1303 769 audivi

155 803 363 872 disserentes
388 805 467 872 Birt
490 803 607 872 Elster
630 805 855 873 Kiihnemann
870 807 983 875 Maass
1006 831 1037 875 v.
1053 806 1158 896 Sybel
1174 807 1302 873 Thumb

156 909 327 979 Wentzel.
373 910 473 978 Anno
503 913 584 1001 post
613 911 657 978 ad
680 910 864 1000 Georgium
886 912 1077 1000 Augustam
1100 911 1304 1000 Gottingcn·

158 1039 228 1084 sem
250 1015 407 1104 migravi,
429 1017 487 1084 ubi
510 1022 582 1085 tum
605 1017 750 1106 quinque
782 1018 962 1086 semestris
990 1017 1150 1086 continua
1176 1018 1304 1106 peregi.

157 1122 211 1189 Me
247 1120 436 1189 docuerunt
468 1122 537 1191 viri
565 1122 731 1219 philologi
764 1127 801 1192 et
833 1123 1050 1212 archaeologi
1083 1123 1231 1210 Dilthey
1262 1124 1305 1210 (t)

158 1228 280 1316 Heyne
296 1229 341 1316 (†)
364 1229 433 1297 Leo
456 1229 561 1297 Pfuhl
583 1229 645 1297 Ed.
660 1228 848 1299 Schroeder
870 1231 933 1298 Ed.
947 1230 1124 1298 Schwartz
1140 1228 1305 1299 Wacker-

159 1333 260 1421 nagel
296 1334 366 1402 ulii.
412 1334 466 1401 Ex
499 1334 617 1424 quinto
649 1335 680 1403 h.
706 1359 731 1402 s.
756 1357 843 1402 anno
877 1336 919 1404 ad
954 1338 1087 1404 sextum
1119 1335 1306 1405 hiemabam

158 1439 320 1524 Berolini‚
338 1439 395 1507 ubi
410 1440 518 1508 vitam
534 1443 628 1507 artes
646 1439 805 1508 scientias
827 1463 1071 1529 cognoscerem.
1105 1441 1237 1510 Scholis
1255 1465 1305 1509 me

138 1545 348 1613 docuerunt
371 1545 430 1612 Er.
455 1544 608 1613 Schmidt
631 1545 722 1615 Guil.
747 1545 890 1614 Schulze
912 1545 1072 1615 Wentzel
1095 1570 1127 1615 v.
1143 1547 1305 1615 Wilamo·

158 1650 497 1720 witz-Moeflendorff
526 1673 634 1740 neque
668 1652 930 1721 exercitationes
965 1652 1071 1721 omisi.
1127 1653 1306 1721 Postremo

155 1757 359 1846 Gottingam
393 1780 551 1827 reversus
585 1757 700 1826 studia
729 1780 804 1826 mea
826 1757 1015 1828 academice
1045 1781 1133 1826 nunc
1159 1758 1307 1827 finienda

156 1886 246 1932 curo.

244 1970 489 2039 Proseminarii
523 1970 611 2059 regii
647 1970 898 2059 philologorum
930 1969 1184 2060 Marpurgensis
1224 1971 1307 2075 item

158 2079 261 2165 atque
285 2077 524 2165 Gottingensis
553 2100 616 2166 per
638 2077 718 2145 bina
741 2077 921 2145 semestria
944 2077 1071 2145 sodalis
1094 2077 1154 2162 fui,
1186 2077 1307 2145 deinde

156 2184 339 2268 seminarii,
372 2184 461 2273 quod
492 2207 579 2252 nunc
602 2182 702 2273 primi
735 2183 863 2252 ordinis
896 2184 1031 2269 dicitur,
1064 2183 1306 2272 Gottingensis

157 2312 218 2378 per
241 2290 312 2359 tria
336 2291 515 2358 semestris
544 2289 769 2358 directoribus
793 2289 969 2357 Eriderico
990 2290 1059 2357 Leo
1084 2293 1121 2357 et
1142 2289 1307 2359 Eduardo

155 2395 343 2465 Schwartz.
398 2397 586 2465 Praeterea
622 2397 666 2464 ad
704 2395 965 2464 exercitationes
1004 2419 1056 2463 me
1093 2395 1306 2465 admiserunt

155 2501 406 2590 Wackernagel
435 2502 684 2590 grammaticas,
715 2501 860 2591 Dilthey
886 2501 990 2569 Pfuhl
1019 2501 1304 2590 archaeologicas,

159 2605 349 2675 Schroeder
392 2607 515 2696 Heyne
559 2607 778 2677 Germanicas
823 2608 873 2695 (et
918 2606 1112 2694 Gothicas),
1157 2607 1307 2676 Husserl

154 2712 412 2802 philosophicas.
1008 2779 1011 2788 .

243 2819 354 2889 Grato
385 2819 494 2888 animo
525 2842 657 2909 semper
687 2819 832 2888 omnium
861 2841 944 2908 quos
974 2819 1168 2888 enumeravi
1190 2844 1305 2889 recor·

160 2923 276 2993 dabor.
320 2926 508 2994 Plurimum
531 2930 645 2995 autem
667 2924 730 2994 hoc
752 2926 787 2993 in
803 2925 961 3015 opusculo
976 2925 1180 3014 perficiendo
1197 2927 1306 2995 debeo

162 3032 322 3101 Eduardo
339 3032 517 3102 Schwartz
541 3035 577 3100 et
600 3032 747 3101 Ernesto
763 3030 876 3114 Pfuhl,
900 3054 1042 3120 quorum
1065 3032 1133 3099 suis
1156 3035 1306 3121 uterque

155 3138 190 3206 in
220 3139 341 3205 finibus
377 3139 535 3206 subvenit
565 3138 688 3206 studiis
719 3138 812 3206 meis.
858 3138 930 3205 Nec
957 3137 1067 3207 minus
1092 3138 1226 3227 gratias
1250 3162 1306 3208 me

154 3243 279 3312 habere
317 3244 450 3312 affirmo
486 3245 544 3329 eis,
584 3243 641 3333 qui
676 3244 848 3312 occasione
883 3243 966 3313 duta
998 3245 1126 3312 urbane
1160 3244 1305 3317 consilio

154 3348 364 3438 materiaque
385 3374 438 3421 me
461 3350 675 3421 adiuverunt.
