2880 4734
781 236 825 301 50

231 408 434 475 abstinuisse
469 417 608 497 excepto
643 408 704 476 illo
736 410 821 492 loco,
857 432 923 497 quo
957 410 1207 499 Aristophanes
1248 410 1378 497 tragice

231 512 385 600 loquitur
407 512 462 599 (de
485 512 643 581 Socrate:
667 517 816 599 θηρευτὰ
838 517 950 598 λόγων
965 515 1206 600 φιλομούσων).
1244 515 1380 602 Tragici

231 617 319 684 enim
343 622 464 704 poe'tae
488 621 629 685 verbum
651 626 763 703 θηρᾶν
785 630 978 707 supponunt
1008 621 1111 688 ofiani
1140 642 1200 707 pro
1232 619 1322 702 aliis,
1352 620 1380 686 si

230 722 365 809 quidem
390 744 507 789 sensus
530 722 694 789 admittit.
729 723 788 790 Ita
804 724 983 812 Euripides
1007 748 1067 813 pro
1091 727 1298 808 δοριάλωτος
1321 733 1380 791 aut

230 829 425 911 δορίκτητος
458 827 544 894 dicit
576 825 799 913 δοριθήρατος
834 829 875 897 de
908 830 1053 918 captivis
1085 830 1284 897 mulieribus
1320 839 1380 900 aut

229 933 333 999 armis
355 932 510 1000 hostibus
534 932 709 1000 detractis.
748 932 831 999 Cum
848 935 1012 1021 Aeschyli
1031 936 1182 1022 exempla
1197 936 1269 1002 uim
1291 935 1380 1002 anti·

229 1059 329 1124 quam
355 1044 502 1121 servent,
535 1039 708 1127 Euripidis
739 1040 932 1107 ostenditur
961 1040 1044 1107 locis
1076 1062 1174 1107 voces
1203 1040 1379 1108 venaticas

229 1141 260 1208 ei
283 1143 388 1210 fuisse
412 1144 499 1211 artis
523 1145 786 1212 instrumentum
808 1148 942 1212 tantum
965 1146 1009 1212 ad
1033 1167 1217 1213 sermonem
1234 1147 1378 1214 efferen-

229 1247 317 1314 dum.
353 1249 405 1314 De
428 1272 492 1316 usu
515 1255 551 1316 et
574 1251 679 1316 abusu
701 1250 791 1337 apud
812 1250 1030 1338 philosophos
1046 1254 1082 1317 et
1098 1253 1256 1318 oratores
1273 1273 1380 1338 supra

228 1352 361 1420 locutus
385 1377 467 1420 sum.
507 1354 667 1422 Omnibus
689 1355 798 1441 igitur
820 1355 903 1422 loeis
927 1356 968 1422 de
992 1351 1105 1423 studio
1129 1355 1278 1423 venandi
1291 1356 1379 1423 nihil

227 1463 393 1546 probatur
417 1463 495 1546 (una
520 1460 716 1547 exceptione
739 1482 825 1547 quae
848 1460 940 1527 infra
964 1462 1141 1547 sequitur),
1173 1465 1290 1528 tamen
1322 1485 1377 1529 eos

227 1569 380 1633 tractare
400 1565 481 1632 mihi
499 1588 582 1653 opus
599 1564 675 1647 fuit,
701 1571 739 1632 ut
756 1571 873 1653 poe'tas
889 1588 931 1632 ex
953 1588 1013 1633 suo
1030 1567 1165 1654 ingenio
1182 1566 1376 1633 venationis

226 1668 389 1755 imagines
413 1670 538 1736 fabulis
568 1670 754 1737 inseruisse
783 1692 890 1758 neque
919 1671 1095 1758 quiequam
1125 1671 1220 1739 vitae
1252 1671 1377 1739 debere

225 1773 504 1841 demonstrarem.
540 1775 714 1842 Nonnulla
736 1776 779 1842 ad
803 1776 885 1842 haec
900 1775 1073 1842 addantur
1088 1776 1145 1842 vel
1159 1780 1374 1863 repetantur.

226 1878 263 1948 Si
286 1880 424 1947 Platoni
450 1881 556 1946 fidere
584 1903 771 1967 possumus,
801 1880 901 1948 initio
931 1880 1047 1967 quarti
1076 1879 1204 1947 saeculi
1226 1880 1375 1948 Athenis

227 1987 410 2052 exstabant
432 1990 625 2067 venatores,
653 1986 800 2073 quinon
822 1986 1011 2074 voluptatis
1034 1987 1140 2073 ipsius
1157 2007 1260 2053 eausa
1273 2009 1375 2054 vena·

226 2091 359 2169 bantur,
391 2091 450 2157 sed
480 2113 521 2158 ex
551 2092 661 2157 officio
690 2113 829 2157 munere
859 2113 919 2157 suo
949 2091 1190 2176 fungebantur.
1235 2090 1290 2157 De
1313 2092 1376 2157 hoc

225 2218 361 2263 munere
384 2196 470 2263 nihil
492 2218 565 2263 esse
588 2196 756 2263 traditum
777 2196 877 2263 valde
893 2195 1073 2263 dolendum
1089 2205 1151 2263 est.
1176 2196 1375 2264 Verisimile

224 2301 363 2369 videtur
387 2324 443 2368 eos
468 2302 561 2367 viros
584 2300 735 2367 docuisse
757 2301 896 2367 iuvenes
925 2300 1056 2368 nobiles
1087 2305 1196 2368 artem
1225 2301 1374 2368 venandi

225 2409 327 2492 atque
351 2428 449 2472 canes
472 2406 647 2472 venaticas
670 2404 876 2473 educavisse.
923 2405 990 2472 Sed
1011 2405 1212 2472 nobilissimi
1235 2410 1372 2473 tantum

225 2516 261 2577 et
283 2510 441 2577 ditissimi
466 2510 697 2577 adulescentes
721 2510 792 2577 arti
813 2533 889 2577 ven.
921 2512 1135 2578 studuerunt.
1179 2511 1229 2578 Et
1261 2533 1372 2594 canes,

100 2661 104 2666 «
224 2637 307 2702 quas
324 2639 366 2682 ex
382 2615 505 2683 doricis
523 2617 715 2702 regionibus
731 2637 805 2683 esse
822 2616 1024 2703 importatas
1041 2638 1237 2704 persuasum
1251 2612 1371 2698 habeo,

224 2720 313 2807 quod
335 2741 499 2807 nusquam
522 2743 640 2787 nomeu
656 2719 852 2786 Atticarum
873 2743 948 2788 ven.
973 2744 1091 2788 eanum
1112 2720 1237 2802 inveni,
1262 2722 1371 2808 magis

224 2825 338 2894 decori
360 2827 396 2891 in
418 2824 577 2892 aedificiis
610 2825 789 2892 alebantur
819 2847 919 2913 quam
948 2827 1034 2892 usui.
1080 2828 1198 2894 Denuo
1228 2827 1265 2894 in
1295 2849 1371 2894 eon·

224 2936 373 3018 spectum
389 2931 535 2998 redeunt
549 2932 724 2997 σκυλάκων
740 2930 910 2997 ἐπιστάται
921 2930 976 2996 καὶ
989 2934 1184 3000 διδάσκαλοι
1195 2937 1307 3018 θήρας
1318 2933 1371 3017 ²²⁶)

222 3036 328 3103 multo
359 3046 487 3124 postea,
519 3059 591 3102 cum
624 3035 667 3102 ad
695 3035 783 3102 filios
814 3036 942 3103 nobiles
965 3038 1136 3104 Romanos
1166 3038 1371 3106 erudiendos

223 3141 383 3209 Graeculi
405 3140 441 3206 in
462 3141 600 3207 Italiam
624 3146 852 3207 arcessuntur.

298 3313 359 3379 De
381 3312 879 3400 pseudoxenophontei
900 3313 1016 3380 libri
1039 3277 1291 3403 scriptore.

309 3439 360 3505 Ut
371 3437 414 3505 ad
425 3438 558 3505 initium
574 3439 724 3526 opusculi
738 3439 804 3505 mei
820 3443 988 3522 revertar,
1004 3446 1116 3509 restat
1129 3449 1170 3508 ut
1184 3441 1369 3526 nonnullis

221 3543 302 3630 quid
325 3542 366 3610 do
388 3547 504 3611 aetate
528 3544 609 3610 libri
632 3545 987 3632 pseudoxenophontei
1009 3547 1162 3627 sentiam,
1195 3547 1370 3633 proferam

221 3650 344 3718 verbis.
391 3649 644 3718 concedendum
669 3651 756 3717 enim
778 3654 832 3718 est
855 3652 1053 3740 scriptorem
1068 3652 1165 3718 illum
1181 3653 1267 3720 satis
1282 3655 1369 3722 bene

220 3758 339 3824 Attice
363 3757 510 3823 scribere
534 3756 681 3839 scivisse,
713 3757 780 3824 etsi
801 3756 909 3823 multa
932 3758 1036 3823 verba
1058 3761 1120 3825 aut
1147 3759 1189 3824 ab
1220 3780 1259 3825 eo
1293 3760 1367 3826 solo

220 3863 349 3930 usitata
384 3864 465 3926 sunt
498 3864 559 3928 aut
592 3866 730 3948 praeter
765 3884 837 3928 eum
873 3861 964 3949 apud
995 3862 1147 3948 tragicos
1177 3866 1298 3950 poetas
1332 3869 1369 3932 et

221 3967 405 4054 scriptores
439 3965 608 4053 pedestris
643 3966 805 4032 sermonis
841 3966 1049 4052 posteriores
1088 3967 1177 4034 solos
1215 3973 1366 4036 exstant.

221 4072 313 4139 Haec
334 4072 448 4152 verba,
480 4092 566 4156 quae
590 4073 753 4157 exparte
776 4071 983 4137 adionicam
1010 4071 1159 4159 linguam
1189 4072 1367 4159 pertinere

220 4177 388 4261 videntur,
419 4176 485 4243 iam
507 4176 674 4243 inclinant
695 4176 731 4242 in
754 4198 946 4259 sermonem,
976 4176 1035 4263 qui
1063 4180 1176 4255 κοινός
1197 4178 1368 4246 nominari

309 4338 373 4404 226)
392 4336 463 4390 Plut.
485 4339 561 4389 Aem.
580 4336 657 4390 Paul.
677 4351 736 4403 cap.
757 4339 781 4392 6.
