2880 4734
697 246 740 312 22

142 424 239 512 lycus
263 444 347 490 avus
370 420 466 489 Ulixi
488 421 606 509 nepoti
635 421 838 509 praebet⁹⁶).
884 421 1002 509 Neque
1024 425 1138 489 tamen
1161 421 1197 487 in
1219 443 1294 489 car-

143 528 288 594 minibus
312 526 501 595 Homericis
535 534 679 594 venatus
707 531 885 594 exercetur
914 527 1067 614 corporis
1097 548 1200 593 causa
1230 530 1293 593 aut

130 636 286 722 propter
307 631 474 720 quoddam
497 636 642 698 naturae
658 631 815 698 studium.
861 632 970 699 Arma
992 632 1170 699 venatoria
1192 631 1292 698 buius

143 739 268 805 aetatis
293 759 312 803 a
335 736 465 804 bellicis
498 736 636 802 diversa
669 759 737 801 non
767 741 857 819 sunt,
887 737 984 804 velut
1014 759 1113 804 arcus
1145 736 1294 804 iaculum

142 843 261 926 hasta;
286 865 387 908 uuum
409 841 545 929 proprie
573 840 774 907 venabulum
795 840 857 907 hoc
879 845 1034 929 tempore
1057 863 1292 908 commemora-

142 952 211 1032 tur,
242 946 304 1014 illa
327 949 369 1014 ab
391 946 494 1014 Ulixe
517 945 647 1013 usitata
669 945 806 1030 αἰγανέα
836 947 931 1012 tenui
954 951 990 1014 et
1011 947 1112 1033 longo
1131 947 1228 1033 ligno
1241 946 1292 1031 96).

471 1250 962 1319 mmmdmwm

230 1391 373 1458 Poe‘tam
395 1391 524 1478 epicum
548 1400 710 1478 sequatur
732 1391 875 1477 lyricus.
906 1390 948 1456 ln
970 1389 1113 1457 Pindari
1134 1387 1292 1456 carmini·

142 1498 204 1564 bus
221 1518 276 1564 res
293 1496 449 1563 venatica
464 1519 531 1563 non
547 1519 612 1563 uno
627 1497 700 1562 loco
717 1500 1003 1563 commemoratur.
1041 1493 1291 1561 Praetermitto

143 1622 275 1689 pugnas
301 1601 435 1668 leonum
457 1601 553 1669 velut
577 1601 743 1688 Cyrenas,
767 1622 866 1689 quam
887 1623 961 1667 cum
984 1600 1081 1668 leone
1103 1599 1291 1666 luctantem

142 1707 269 1796 Apollo
285 1707 425 1774 invenit.
472 1707 540 1773 Leo
557 1707 627 1794 ipse
644 1707 687 1773 ad
701 1706 857 1773 Africam
873 1710 1014 1793 spectat,
1039 1710 1153 1773 cetera
1168 1704 1292 1771 deben-

142 1816 202 1879 tur
225 1817 346 1899 poe'tae
370 1811 515 1898 ingenio,
540 1812 597 1899 qui
612 1811 772 1878 Nemeaei
793 1810 900 1878 leonis
925 1810 1042 1878 fabula
1061 1833 1134 1877 esse
1150 1832 1291 1877 commo-

142 1920 199 1983 tus
217 1917 354 1984 videtur
369 1926 410 1983 ut
422 1916 579 1983 crederet
594 1916 708 1983 leones
725 1915 804 1983 olim
819 1915 854 1981 in
870 1915 1018 1983 Graecia
1033 1915 1209 1983 exstitisse
1225 1915 1292 2004 (De

143 2021 205 2089 hac
225 2044 263 2088 re
280 2044 383 2108 supra
404 2021 538 2088 locutus
555 2025 649 2101 sum.)
672 2043 711 2088 ac
725 2043 888 2108 persaepe
903 2021 939 2087 in
954 2021 1156 2088 carminibus
1176 2020 1291 2088 leones

142 2126 272 2206 laudat,
297 2126 353 2193 vel
377 2125 475 2208 solos,
507 2125 564 2193 vel
586 2147 654 2192 una
676 2148 750 2192 cum
773 2125 874 2212 apris,
898 2125 955 2191 vel
977 2125 1133 2212 vulpibus
1157 2125 1290 2193 callidis

144 2231 326 2320 oppositos.
349 2231 438 2313 Quin
451 2230 554 2297 etiam
567 2254 603 2298 se
613 2231 725 2319 ipsum
736 2234 911 2317 comparat
921 2229 1087 2297 Pindarus
1098 2253 1172 2296 cum
1182 2230 1290 2298 leone.

230 2372 378 2439 Puerum
422 2393 497 2438 esse
542 2371 633 2458 apud
668 2370 864 2438 Heliconem
909 2375 1068 2438 venatum
1106 2370 1292 2437 Pindarum

143 2476 271 2544 scholia
293 2477 522 2544 Ambrosiana
543 2482 685 2544 narrant
697 2475 746 2562 97).
777 2476 980 2543 Eustatbius
996 2477 1032 2542 in
1054 2476 1194 2543 Pindari
1217 2476 1291 2543 vita

141 2584 289 2649 fratrem
323 2583 394 2648 eius
430 2582 613 2648 Eritimum
650 2581 804 2670 appellat
843 2582 991 2670 peritum
1028 2587 1227 2649 venatorem
1240 2579 1290 2668 ⁹⁸).

142 2688 327 2754 Pindarum
349 2687 398 2754 rei
422 2687 597 2754 venaticae
622 2687 794 2754 studuisse
817 2691 970 2774 apertum
993 2690 1055 2754 est.

211 2787 213 2792 ’
231 2792 414 2860 Praedicat
428 2791 575 2859 Achillis
591 2791 764 2875 virtutem,
781 2793 838 2879 qui
861 2793 932 2858 sine
954 2792 1090 2858 canibus
1107 2796 1143 2858 et
1157 2792 1290 2858 retibus

144 2897 216 2963 sola
238 2897 423 2965 velocitate
446 2897 567 2984 pedum
590 2895 702 2963 fretus
726 2919 844 2964 cervos
867 2897 997 2985 ceperit
1008 2896 1057 2982 99).

229 3003 284 3068 Ex
315 3003 407 3089 epico
439 3002 585 3069 carmine
623 3001 698 3068 laus
728 3002 921 3070 velocitatis
955 3002 1099 3069 Achillis
1132 3024 1292 3089 expressa

143 3107 290 3188 videtur,
329 3129 405 3174 nam
440 3107 553 3174 Statio
591 3130 721 3194 quoque
759 3107 963 3192 auctore¹⁰⁰)
1002 3106 1154 3174 Achilles
1193 3108 1292 3175 novit

146 3212 319 3296 „volucres
357 3212 443 3297 (cum
480 3212 558 3290 iam)
595 3218 817 3299 praevertere
852 3216 1002 3281 cervos“.
1056 3213 1151 3279 ldem
1187 3234 1290 3300 apros

142 3322 287 3385 venatus
322 3321 375 3384 est
389 3319 450 3402 ¹⁰¹).
508 3317 589 3384 Alio
623 3317 696 3384 loco
731 3318 899 3384 Pindarus
933 3318 1011 3384 huic
1044 3318 1184 3385 venatui
1217 3340 1291 3385 esse

143 3421 271 3488 fortem
294 3443 409 3489 canem
431 3421 657 3489 necessarium
680 3422 840 3509 dicit¹⁰²).
887 3422 988 3490 Tales
1012 3445 1110 3489 canes
1126 3422 1292 3510 Spartani

143 3526 208 3592 soli
231 3527 325 3593 alere
349 3527 510 3609 sciebant,
533 3527 649 3614 itaque
672 3528 708 3594 in
724 3528 882 3615 Taygeto
905 3530 1022 3594 natam
1040 3550 1154 3594 canem
1170 3527 1292 3594 laudat

144 3631 232 3718 quod
256 3633 338 3697 bene
362 3631 518 3698 venatica
539 3632 586 3698 sit
598 3631 659 3714 ¹⁰³).

233 3815 278 3879 95)
298 3811 347 3866 Od.
361 3811 435 3878 XIX,
455 3815 515 3866 428.
547 3810 582 3865 cf.
599 3812 739 3866 Buchholz
758 3813 837 3866 Hom.
850 3811 928 3867 Real.
942 3812 977 3879 ΙΙ,
999 3813 1050 3865 163
1063 3810 1190 3878 (Mannsz
1209 3810 1291 3865 noble

143 3901 279 3971 Passion).
406 3904 452 3970 96)
472 3902 599 3956 Eustatb⁴
620 3901 655 3955 ad
674 3901 723 3955 Od.
743 3902 789 3970 IX,
813 3904 871 3957 156.

232 3993 278 4058 97)
297 3991 362 4043 Vita
383 3989 495 4043 Pindari
514 4007 548 4044 ex
567 3991 677 4044 scholiis
697 3991 885 4045 Ambrosianis
905 3995 1035 4059 excerpta
1054 3990 1070 4043 l.
1092 3994 1108 4044 7
1127 3990 1164 4050 ὡς
1182 3991 1292 4057 Χαμαι-

142 4077 212 4134 λέων
234 4080 283 4134 καὶ
297 4079 402 4146 Ἴστρος
421 4079 492 4147 φασὶ
510 4079 575 4148 περὶ
593 4079 644 4134 τὸν
664 4081 803 4135 Ἑλικῶνα
822 4084 958 4149 θηρῶντα
975 4080 1062 4134 αὐτὸν
1082 4084 1138 4134 κτλ.

233 4174 278 4238 98)
298 4171 342 4224 Ex
356 4169 498 4224 Eustathii
510 4169 566 4223 vita
579 4168 692 4224 Pindari
712 4176 843 4238 excerpta
855 4188 878 4225 v.
892 4169 1062 4239 4Ἑρίτιμον
1081 4167 1177 4224 εἰδότα
1189 4169 1290 4239 θήρης.

235 4263 281 4330 99)
301 4261 334 4314 N.
348 4261 397 4328 ΙΙΙ,
411 4263 454 4314 83.
570 4261 632 4329 100)
652 4261 721 4315 Stat.
735 4260 833 4314 Achill.
853 4260 881 4313 in
901 4261 979 4315 initio
999 4259 1127 4315 carminis
1146 4266 1175 4314 et
1194 4261 1290 4316 11397

141 4349 608 4421 (Q.m)amm
742 4349 956 4420 1mmm
1077 4349 1292 4419 rmmm
