2880 4734
656 251 698 317 27

102 425 273 507 διώμματα
302 423 452 506 ἀφιεῖσαι
482 423 720 510 ἐπανέρχονται
752 427 874 491 διὰτὸ
898 430 1098 511 μισόθηρον,
1133 427 1253 494 πολλαὶ

102 527 141 593 δὲ
165 528 278 594 διὰτὸ
302 529 557 611 φιλάνθρωπον.

190 650 320 718 Deinde
354 651 429 718 iure
465 652 630 741 quispiam
665 653 792 721 dixerit
823 675 922 721 voces
956 653 1082 720 multas
1114 676 1180 719 nou
1210 676 1251 720 ex

101 756 259 823 venatico
298 779 451 824 sermone
484 756 520 822 in
554 757 760 824 cotidianum
793 757 852 825 sed
890 781 933 825 ex
969 759 1140 826 cotidiano
1178 757 1250 825 sive

101 861 212 949 campi
244 861 403 928 circensis
437 863 509 928 sive
531 862 667 929 aliunde
690 885 764 930 esse
787 885 807 930 a
830 863 1050 930 venatoribus
1083 866 1248 951 receptas.

103 966 234 1048 Quibus
258 966 328 1033 sine
350 967 423 1034 ulla
446 965 660 1034 dubitatione
684 968 878 1036 continetur
902 991 968 1033 vox
991 967 1099 1055 campi
1115 970 1248 1051 δρόμος,

102 1071 248 1158 quaein
269 1094 385 1141 vocem
414 1073 502 1140 artis
526 1073 703 1141 venaticae
731 1074 906 1162 propriam
933 1073 1027 1140 abiit.
1074 1074 1116 1139 In
1140 1072 1250 1160 Cyne-

100 1177 213 1268 getico
244 1180 398 1267 exempla
426 1180 647 1248 inveniuntur
660 1181 712 1268 120)
736 1185 771 1249 ολ
799 1181 836 1249 δὲ
865 1185 930 1267 ἤδη
960 1184 1058 1248 ἔτειοι
1089 1182 1249 1270 (lepores)

102 1286 238 1372 τάχιστα
260 1285 381 1352 θέουσι
404 1288 464 1353 τὸν
493 1299 627 1371 πρῶτον
657 1290 795 1372 δρόμον,
828 1292 906 1366 τοὺς
929 1287 966 1354 δὲ
988 1289 1112 1363 ἄλλους
1138 1285 1249 1354 οὐκέτι

103 1439 216 1458 .....
240 1393 319 1457 aut:
350 1390 405 1456 καλ
436 1392 495 1456 ἐὰν
523 1390 585 1476 μὲν
614 1391 766 1470 ἑαλωκὼς
788 1385 810 1479 ᾖ
836 1395 872 1458 ἐν
901 1401 947 1480 τῷ
976 1394 1095 1478 πρώτῳ
1126 1394 1251 1478 δρόμῳ,

104 1495 395 1581 ἀνακαλεσάμενον
418 1498 476 1573 τὰς
498 1498 602 1574 κύνας
633 1503 741 1582 ζητεῖν
762 1499 866 1563 ίίλλον
890 1547 972 1565 ....
997 1496 1116 1563 autin
1139 1496 1249 1562 cervis

102 1600 285 1667 venandis:
316 1605 508 1686 βιασθεῖσαι
538 1600 575 1667 δὲ
601 1613 700 1669 τοῦτο
730 1606 789 1668 τὸν
817 1601 880 1686 μὲν
902 1613 1035 1687 πρῶτον
1065 1603 1193 1684 δρόμον
1216 1601 1253 1666 αί

102 1707 201 1783 κύνες
239 1705 476 1774 ἀπολείπονται
501 1759 631 1775 ......
656 1709 800 1794 δευτέρῳ
834 1707 871 1774 δὲ
906 1709 960 1772 καλ
998 1712 1097 1794 τρίτῳ
1136 1709 1249 1792 δρόμῳ

101 1815 186 1896 ταχὺ
217 1810 411 1879 ἁλίσκονται
446 1812 495 1897 (oi
525 1813 664 1898 νεβροί).
725 1814 793 1896 Qui
827 1837 906 1881 usus
940 1812 1112 1898 Aeschylo
1147 1815 1248 1879 notus

101 1916 210 1984 fuisse
233 1915 378 1984 videtur.
424 1918 513 1985 Nam
527 1919 563 1985 in
578 1920 830 2006 Agamemnone
843 1918 895 2005 121)
919 1918 1082 2006 scriptum
1104 1914 1247 2002 legimus

104 2021 146 2086 de
167 2020 291 2108 aquilis
313 2023 462 2111 leporem
484 2023 714 2091 lacerantibus
738 2024 820 2091 boc:

213 2149 412 2230 βοσκόμενοι
437 2152 585 2230 λαγίναν,
611 2147 801 2233 ἐρικύμονα,
826 2147 986 2230 φόρματα,
1009 2147 1133 2230 γένναν

212 2251 377 2336 βλαβέντα
399 2257 564 2318 λοισθίων
584 2255 728 2336 δρόμων.

191 2374 280 2441 Item
313 2374 353 2441 de
387 2396 468 2442 voce
505 2374 654 2442 latrandi
688 2375 773 2440 miro
808 2375 904 2441 modo
938 2374 1026 2441 liber
1061 2373 1189 2459 Cyneg.
1214 2376 1249 2438 et

105 2476 299 2565 Aeschylus
322 2479 540 2546 consentiunt
552 2478 613 2563 ¹²²).
661 2477 728 2544 Sed
749 2479 876 2546 talibus
900 2480 1038 2546 vocibus
1066 2502 1133 2545 non
1153 2480 1249 2545 iuva-

104 2607 191 2651 mur.
247 2583 369 2672 Itaque
405 2584 558 2673 exempla
592 2583 704 2671 potius
738 2584 894 2670 eligenda
929 2589 1018 2667 sunt,
1054 2584 1096 2652 de
1130 2585 1249 2672 quibus

104 2690 256 2758 dubitari
276 2712 345 2757 non
366 2696 492 2778 potest,
516 2690 613 2756 velut
628 2713 726 2757 voces
745 2690 869 2758 radicis
885 2698 1009 2775 θηρ-.
1043 2697 1148 2775 θῆρες
1163 2691 1250 2757 euim

104 2795 405 2863 innumerabilibus
428 2795 510 2861 locis
534 2797 750 2882 opponuntur
773 2794 973 2862 animalibus
993 2795 1184 2861 domesticis
1200 2794 1251 2861 ita

104 2906 145 2968 ut
169 2908 273 2986 θῆρες
304 2899 373 2967 sint
395 2900 501 2982 ferae,
534 2899 705 2966 interdum
737 2901 877 2966 bestiae.
923 2900 1089 2967 Derivata
1121 2921 1162 2965 ex
1189 2899 1252 2964 hac

105 3005 219 3073 radice
243 3009 322 3073 sunt
344 3008 449 3072 verba
463 3007 581 3090 δηρόν
604 3006 750 3089 uuordo,
775 3029 860 3093 quae
883 3006 1022 3093 proprie
1045 3003 1251 3092 persecutio·

104 3133 182 3177 nem
203 3109 352 3178 ferarum
375 3109 578 3196 significant.
624 3109 678 3176 Ex
700 3132 739 3176 eo
755 3110 845 3197 quod
858 3132 926 3176 non
943 3109 1051 3176 solum
1067 3109 1250 3195 scriptores

105 3216 263 3305 historici
285 3216 340 3301 (cf.
358 3215 571 3282 Herodotum
586 3216 633 3297 II,
651 3218 717 3298 77),
740 3214 963 3304 philosophici
978 3214 1031 3296 (cf.
1048 3212 1250 3297 Platonem),

107 3321 292 3389 sedetiam
315 3323 471 3387 oratores
495 3321 647 3408 quamvis
681 3321 714 3385 iu
737 3319 1020 3386 translationibus
1052 3317 1249 3384 adhibendis

106 3425 295 3515 parcissimi
324 3425 450 3494 talibus
473 3425 586 3494 verbis
611 3429 763 3508 utuntur,
792 3427 938 3513 apparet
960 3447 1033 3489 eum
1057 3446 1153 3488 usum
1177 3445 1251 3489 esse

106 3554 175 3599 non
205 3534 277 3598 tam
308 3532 439 3617 tragico
472 3531 620 3598 sermoni
652 3552 750 3618 quam
781 3530 922 3596 Atticae
955 3529 1100 3614 linguae,
1136 3527 1250 3616 potius

106 3636 258 3704 fortasse
280 3637 412 3704 omnino
430 3635 579 3704 Graecae
602 3634 828 3703 tribuendum.
864 3634 1151 3720 Significationem
1175 3655 1251 3700 oon-

106 3741 299 3830 cupiscendi
327 3740 417 3829 apud
448 3741 597 3828 tragicos
629 3761 793 3827 persaepe
823 3738 1020 3819 invenimus,
1054 3762 1081 3805 e.
1104 3762 1137 3825 g.
1162 3737 1250 3824 apud

107 3846 316 3933 Aeschylum
328 3845 381 3932 ¹²³)

201 4081 262 4145 120)
280 4078 345 4148 Cyn.
364 4077 398 4144 V,
420 4080 460 4130 14.
489 4077 535 4143 VI,
558 4079 598 4144 19,
628 4077 735 4143 lX,10.
849 4076 909 4143 121)
929 4077 979 4144 Ag.
1002 4080 1060 4130 116.

199 4169 262 4234 122)
281 4164 396 4235 κλαγγή,
415 4167 601 4234 κλαγγα(ί)νω
620 4166 685 4234 Cyn.
696 4164 742 4231 IV,
762 4168 786 4218 5.
805 4166 838 4231 V,
858 4167 900 4218 19.
920 4167 967 4232 VI,
989 4169 1028 4218 17.
1056 4163 1104 4228 III,
1125 4166 1149 4215 9.
1169 4163 1215 4231 IV,
1236 4166 1251 4216 5

106 4251 270 4326 (ίκανιι-).
301 4256 345 4324 VI,
365 4259 398 4310 23
419 4255 517 4309 Aesch.
536 4255 615 4308 Eum.
639 4258 696 4308 131.
729 4255 820 4308 Ceteri
839 4254 987 4322 scriptores
1007 4259 1122 4305 utuntur
1141 4252 1251 4306 vocibus

105 4343 182 4401 δλόω
201 4342 325 4401 erasse>
343 4342 473 4414 όλαμμός.
581 4345 644 4414 123)
662 4345 759 4398 Aesch.
781 4345 869 4398 Prom.
889 4348 950 4398 860.
