2880 4734
696 265 739 331 75

234 438 466 508 Graecissanti
489 437 677 507 venationis
700 448 771 506 tum
794 437 907 506 cultae
934 435 1060 505 rationi
1082 436 1221 505 libellus
1246 438 1287 507 de

143 552 223 616 arte
255 545 413 615 venatica
445 545 642 633 respondet,
676 543 735 633 qui
766 543 817 611 his
851 543 1058 632 temporibus
1096 566 1117 611 a
1146 537 1286 613 Grattio

144 652 290 742 quodam
304 652 363 721 vix
377 650 450 719 iure
466 649 600 719 Falisco
623 650 858 737 cognominato
882 652 936 717 est
952 649 1165 737 compositus.
1211 650 1289 718 Non

145 759 258 827 Diana
279 757 373 826 vitae
402 755 592 825 cotidianae
623 755 682 824 sed
705 753 855 823 studium
883 756 1059 822 auctorum
1083 754 1289 824 Graecorum

146 887 221 932 eum
250 862 365 930 docuit
395 865 514 930 artem.
559 861 710 930 Ultimus
733 859 984 929 Radermacher
1008 884 1049 928 ex
1079 861 1180 929 certis
1202 860 1315 927 indi-'

145 969 207 1038 ciis
229 969 391 1058 cognovit
414 966 590 1037 Grattium
613 968 764 1035 secutum
787 988 860 1034 esse
883 965 1152 1033 Alexandrinum
1175 970 1287 1034 aucto·

146 1097 227 1157 rem,
260 1074 301 1142 de
334 1096 399 1163 qua
429 1096 467 1142 re
499 1095 604 1161 supra
636 1072 717 1141 dixi.
762 1072 881 1160 Neque
912 1070 999 1140 hanc
1025 1071 1288 1140 Radermacheri

146 1179 414 1270 disputationem
436 1200 509 1247 esse
531 1179 686 1248 ultimam
708 1178 750 1247 de
773 1178 835 1247 hoe
857 1177 974 1266 (duro)
996 1182 1098 1266 polita
1120 1179 1214 1267 puto.

628 1715 802 1807 Epilogus.

233 1842 461 1913 Subsistemus
483 1839 546 1910 hac
567 1838 602 1908 in
625 1843 750 1925 aetate,
781 1864 879 1929 quem
909 1842 1068 1930 opusculo
1091 1866 1163 1912 meo
1187 1845 1287 1918 finem

145 1948 317 2018 constitui.
363 1949 450 2018 Nam
472 1949 625 2016 Romana
648 1951 751 2036 atque
774 1947 907 2016 Graeca
938 1949 1110 2038 opiniones
1132 1954 1206 2018 tum
1229 1952 1287 2021 vix

146 2054 303 2123 distineri
326 2057 469 2142 possunt
490 2076 597 2142 neque
619 2052 682 2121 hoc
703 2056 856 2142 tempore
879 2052 1035 2123 luxuriae
1059 2062 1094 2123 et
1118 2057 1287 2128 effemina-

145 2161 249 2229 tionis
271 2159 433 2227 nobilium
455 2158 624 2226 hominum
651 2158 797 2227 inveniri
826 2165 968 2248 possunt
997 2162 1126 2229 strenui
1157 2162 1286 2236 nobiles

145 2273 334 2336 venatores.
381 2265 446 2349 Qui
469 2268 590 2354 postea
612 2261 757 2332 Romani
779 2265 842 2333 hac
863 2264 900 2331 in
922 2289 960 2334 re
982 2266 1175 2352 laudantur,
1207 2272 1287 2338 sunt

144 2396 187 2440 ex
207 2371 390 2460 provinciis
414 2369 549 2437 oriundi
572 2368 752 2459 praecipue
774 2393 816 2438 cx
838 2370 1014 2460 Hispania,
1038 2373 1079 2441 de
1102 2396 1168 2462 qua
1190 2377 1287 2443 terra

144 2500 247 2566 supra
268 2479 374 2546 verba
389 2477 464 2545 feci.
509 2475 679 2564 Imprimis
695 2476 837 2564 respicio
855 2476 1018 2546 Traianos
1035 2486 1069 2547 ot
1084 2478 1284 2548 Hadrianou

144 2582 222 2650 Non
255 2585 410 2651 vetamur
441 2581 567 2650 addere
600 2580 689 2649 cives
721 2581 889 2650 Romanos
921 2606 963 2651 ex
986 2583 1119 2668 Galliis,
1155 2585 1284 2669 Africa,

144 2687 232 2757 Asia
252 2693 361 2757 natos.
408 2687 569 2771 Quamvis
585 2686 637 2754 illi
653 2687 723 2755 sint
737 2686 869 2756 nomine
884 2687 1028 2758 Romani
1048 2689 1147 2775 civeS,
1172 2693 1285 2774 tamen

146 2794 295 2862 studium
318 2817 434 2862 eorum
457 2791 602 2863 venandi
623 2816 691 2860 non
714 2797 768 2862 est
782 2794 979 2880 Romanum,
1004 2796 1093 2885 quod
1117 2799 1197 2865 sunt
1211 2797 1285 2867 nati

111 2920 115 2928 ’
145 2924 187 2968 ex
208 2897 392 2989 provinciis
415 2903 451 2968 et
472 2898 704 2987 graecissante
727 2921 819 2968 more
842 2899 985 2970 educati.
1067 2974 1068 2978 ,
