2880 4734
734 213 778 278 58

187 389 292 455 ticum
325 387 524 455 odorantem
554 410 659 475 usque
690 387 795 454 donec
827 390 1025 474 persecutus
1057 385 1167 452 fuerit
1200 384 1331 473 volpem

188 494 353 581 vestigiis.
396 493 617 561 Translatum
639 515 711 560 esse
734 515 777 559 ex
799 492 930 560 Graeco
953 493 998 570 ὡς
1020 493 1112 558 κύων
1133 494 1333 575 θηρευτικὸς

188 598 372 666 verisimile
409 602 474 665 est.
535 597 661 664 Eodem
700 598 796 664 modo
833 596 1007 685 parasitus
1044 597 1080 663 in
1113 594 1272 683 Captivis
1281 594 1333 681 ²⁶⁰)

186 703 324 770 canibus
354 703 520 771 venaticis
552 703 693 790 opponit
716 703 891 769 Molossos.
937 700 1096 769 Venetici
1124 723 1222 768 canes
1254 704 1335 768 sunt

187 809 240 877 illi
254 809 401 895 graciles
418 820 453 874 et
467 808 570 874 macri
586 808 777 890 Cretenses,
795 830 938 895 quorum
954 829 1158 894 permagnus
1173 827 1333 873 numerus

187 936 250 1001 per
273 915 383 979 totam
400 912 577 980 Graeciam
592 915 669 979 erat
684 912 899 979 distributus.
938 911 1077 978 Molossi
1090 914 1203 987 autem
1218 911 1336 998 magni

187 1017 334 1086 Athenis
358 1018 473 1084 domos
495 1017 742 1084 custodiebant

277 1122 409 1189 Deinde
440 1123 506 1188 etsi
537 1123 572 1188 in
604 1121 727 1189 ltaliae
759 1144 890 1210 qnoque
921 1121 1090 1189 montibus
1121 1124 1157 1188 et
1188 1121 1335 1189 saltibus

191 1228 268 1315 apri
291 1232 327 1294 et
348 1228 421 1315 lupi
450 1233 486 1294 et
514 1228 648 1314 lepores
678 1243 742 1294 etc.
772 1228 974 1307 existebant,
1007 1232 1122 1294 tamen
1150 1231 1337 1314 propterea

191 1333 279 1420 quod
308 1333 496 1399 Romanum
525 1334 632 1397 civem
660 1333 779 1398 venari
807 1330 990 1398 dedecebat
1019 1331 1068 1418 (id
1096 1331 1187 1419 quod
1214 1335 1337 1420 postea

189 1437 369 1523 tractabo),
401 1439 508 1524 magis
541 1437 673 1505 Graeca
705 1459 803 1525 quam
831 1438 985 1504 Romana
1013 1436 1195 1525 proverbia
1225 1436 1337 1504 latere

189 1542 351 1609 videntur
373 1543 408 1607 in
432 1543 595 1610 eiusmodi
618 1543 699 1609 locis

275 1647 295 1713 I
317 1646 414 1714 modo
439 1668 563 1715 venare
586 1648 749 1735 leporem:
773 1669 860 1713 nunc
882 1647 958 1712 irim
982 1644 1140 1731 tenes²⁶¹)

276 1752 350 1818 Iam
373 1775 436 1839 ego
460 1776 525 1820 uno
548 1753 584 1818 iu
607 1753 699 1819 saltu
721 1752 832 1840 lepide
856 1774 956 1840 apros
979 1751 1107 1839 capiam
1130 1749 1282 1837 duosm)

276 1857 360 1924 cnm
383 1859 511 1946 praeda
534 1858 588 1925 hic
610 1857 710 1925 hodie
733 1858 869 1925 incedat
892 1865 1036 1924 venator
1057 1856 1200 1937 domum,

278 1984 377 2029 canes
401 1963 606 2049 compellunt
629 1963 664 2028 in
687 1963 805 2050 plagas
828 1962 940 2049 lepide
962 1961 1078 2049 lupum
1086 1959 1150 2047 ²⁸⁸).

278 2067 377 2154 Ipsus
400 2067 472 2133 illic
496 2090 568 2134 sese
591 2069 658 2134 iam
680 2065 858 2155 impedivit
880 2067 915 2131 in
937 2067 1058 2154 plagas
1067 2064 1123 2149 284)

280 2173 470 2260 Numquam
493 2173 600 2239 Amor
623 2194 821 2260 quemquam
842 2171 910 2238 nisi
932 2171 1089 2259 cupidum
1111 2169 1281 2237 hominem

279 2279 432 2364 postulat
456 2301 492 2345 se
514 2279 549 2343 in
573 2278 691 2366 plagas
715 2278 867 2344 conicere

280 2404 336 2449 eos
358 2384 461 2469 cupit,
486 2406 542 2450 eos
567 2386 807 2450 consectatur.
826 2434 833 2447 .
852 2381 935 2466 ‚²⁶5).

279 2489 507 2554 Romanorum
532 2511 601 2555 mos
625 2488 763 2554 videtur
786 2487 891 2553 fuisse
913 2487 1010 2573 lupos
1042 2486 1144 2553 fovea
1172 2485 1338 2573 decipere,

193 2591 235 2657 de
257 2613 324 2678 qua
346 2597 487 2679 captura
503 2593 669 2659 Horatius
692 2593 753 2660 illo
777 2592 937 2659 videlicet
952 2591 1130 2678 proverbio
1145 2590 1258 2657 utitur
1266 2589 1337 2677 ⁸⁸‘):

287 2698 435 2765 <Cautus
459 2700 547 2764 enim
568 2698 692 2765 metuit
715 2699 848 2764 foveam
863 2697 995 2784 lupus».
1034 2695 1200 2764 Graecam
1214 2696 1339 2762 iterum

194 2802 357 2890 originem
381 2826 433 2869 me
456 2824 657 2889 cognoscere
679 2825 776 2890 posse
798 2805 882 2890 puto
906 2824 946 2869 ex
968 2801 1021 2868 his
1045 2801 1218 2868 versibus:

281 2908 393 2974 Viden
416 2914 455 2975 tu
477 2908 572 2974 illam
595 2908 700 2975 oculis
722 2912 923 2974 venaturam
945 2905 1133 2993 focere²⁶⁷).

280 3014 378 3081 Hunc
402 3014 458 3101 qui
482 3013 554 3100 cepi
576 3014 611 3078 in
635 3022 761 3079 venatu
784 3011 930 3099 mecm).

282 3118 388 3200 Quam
412 3123 451 3184 tu
473 3118 519 3183 mi
542 3118 704 3183 uxorem?
727 3118 824 3204 quasi
847 3121 991 3183 venator
1013 3119 1053 3182 tu
1068 3113 1202 3204 quidem
1217 3136 1252 3181 es
1268 3113 1340 3181 dies

193 3225 295 3310 atque
317 3229 434 3289 noctes
459 3245 533 3288 cum
554 3244 635 3288 caue
659 3226 807 3288 aetatem
830 3221 937 3307 exigis
949 3219 1012 3306 269).
1300 3225 1302 3229 ’

280 3327 398 3394 Euhoe
430 3328 569 3409 Bacche,
603 3327 748 3409 Bromie,
780 3349 845 3414 quo
877 3348 929 3391 me
959 3326 995 3392 in
1027 3325 1145 3392 silvam
1177 3327 1341 3391 venatum

195 3432 357 3515 vocas270)

283 3537 335 3604 De
358 3539 420 3604 hoc
435 3561 538 3604 versu
554 3538 673 3604 ultimo
688 3537 774 3603 nihil
790 3537 870 3604 addi
884 3559 966 3623 opus
982 3539 1045 3619 est,
1068 3557 1142 3602 cum
1158 3535 1176 3601 ὁ
1192 3537 1341 3618 Βρόμιος

194 3643 343 3730 patriam
365 3643 500 3710 indicet.
548 3643 615 3710 Sed
637 3644 745 3710 ceteri
767 3664 898 3730 quoque
923 3641 1076 3708 Graecae
1099 3639 1240 3726 originis
1265 3661 1340 3707 esse

284 3860 349 3926 aco)
369 3857 446 3925 Cape
466 3860 508 3910 sa.
654 3860 717 3925 261)
738 3857 815 3924 Capt.
839 3859 896 3909 184.
1042 3856 1105 3921 262)
1126 3853 1186 3907 cis.
1206 3856 1268 3907 476.

285 3949 349 4007 263)
368 3947 450 4000 Pocn.
471 3950 531 3999 647.
665 3949 729 4011 264)
749 3946 806 3999 Mil.
827 3944 862 4013 gl.
885 3948 960 3998 1388.
1098 3946 1163 4011 265)
1183 3942 1259 3996 Triu.
1279 3946 1340 3998 236.

287 4038 352 4104 266)
371 4037 437 4090 Hor.
457 4051 499 4104 ep.
520 4036 539 4100 l,
553 4039 592 4103 16,
615 4039 654 4089 15.
675 4035 710 4089 cf.
731 4046 758 4088 et
777 4035 857 4089 Otto:
877 4034 930 4087 Die
949 4033 1148 4102 Sprichworter
1166 4047 1193 4088 u.
1212 4018 1340 4100 sprichw.

194 4123 383 4179 Redensarten
403 4124 453 4179 der
471 4125 579 4178 Remer.
617 4125 731 4193 Leipzig
754 4128 829 4178 1899.

283 4219 347 4283 267)
369 4217 425 4268 Mil.
447 4216 482 4284 gl.
502 4218 562 4269 990.
720 4216 785 4283 268)
803 4213 873 4267 Rud.
893 4217 953 4267 970.

282 4309 346 4374 269)
366 4306 427 4361 Cas,
447 4309 499 4360 319
519 4304 555 4361 cf.
576 4305 647 4358 Leo:
666 4304 756 4359 Plaut.
777 4303 889 4357 Forsch.
909 4306 952 4357 94.
1103 4303 1168 4370 270)
1187 4300 1261 4354 Men.
1280 4304 1342 4357 835.
