2880 4734
688 261 728 327 71

148 440 197 507 ita
219 440 263 507 ad
284 440 419 530 lepores
449 437 619 506 venandos
643 436 726 504 ¹esse
749 435 843 525 equis
867 437 992 504 vectos.
1038 435 1164 503 Tamen
1186 457 1290 523 aegre

147 547 219 612 fero
244 545 333 634 quod
355 545 392 614 Ο.
406 544 522 612 Weiss
544 544 579 609 in
603 542 761 632 opusculo
785 565 854 625 suo,
886 564 961 609 curn
983 542 1157 610 contendit
1189 541 1292 609 adno-

147 651 278 719 tatione
302 649 446 739 quadam
461 650 628 720 Romanos
652 648 808 716 didicisse
823 669 844 713 a
860 646 1001 715 Gallicis
1018 647 1185 715 nobilibus
1201 648 1291 716 feras

144 758 180 824 in
204 757 329 845 eampis
353 755 483 844 apertis
507 755 643 842 agitare
664 754 832 822 celeribus
856 752 950 842 equis
967 757 1092 837 vectos,
1117 777 1158 821 ex
1175 751 1290 821 Gallia

145 863 317 930 Romanos
333 861 573 949 importavisse
589 884 687 929 canes
698 860 873 928 venaticos
886 863 922 927 et
933 863 1054 948 postea
1068 860 1215 928 falcones
1228 858 1291 948 ³2⁰),

141 975 319 1039 auctorem
350 973 453 1050 tacet,
491 993 532 1037 ex
568 993 631 1059 quo
665 973 840 1038 mutuatus
875 970 923 1037 sit
954 969 1060 1037 talem
1094 969 1291 1059 opinionem.

146 1078 271 1146 Strabo
283 1077 336 1162 821)
374 1076 508 1165 quidem
539 1076 650 1143 tradit
684 1076 725 1143 de
764 1074 874 1144 Gallis
915 1076 1083 1164 equitibus
1114 1076 1191 1144 hoc:
1223 1079 1292 1142 ἔστι

144 1181 318 1268 Ῥωμαίοις
340 1193 398 1267 τῆς
421 1184 553 1259 ἱππείας
575 1182 692 1267 ἀρίστη
715 1183 805 1267 παρὰ
827 1183 965 1266 τούτων,
989 1181 1049 1248 sed
1064 1181 1180 1249 eodem
1193 1180 1291 1250 modo

146 1288 230 1357 clari
259 1292 339 1356 sunt
369 1288 446 1377 equi
472 1286 617 1369 Siciliae,
642 1287 847 1371 Thessaliae,
872 1286 1040 1372 Aetoliae,
1063 1287 1289 1374 Acarnaniae,

147 1394 324 1477 Arcadiae,
371 1392 546 1482 Epidauri,
592 1393 733 1460 Africae
771 1394 1031 1483 Hispaniasque,
1076 1395 1134 1482 qui
1179 1417 1291 1463 omnes

146 1496 326 1589 praecipue
357 1500 393 1567 in
426 1499 514 1567 circo
548 1499 725 1566 florebant.
782 1498 859 1568 Niti
890 1499 1006 1567 Weise
1039 1499 1175 1568 videtur
1207 1500 1290 1569 libri

148 1604 348 1693 Cynegctici
371 1606 413 1672 ab
436 1603 586 1671 Arriano
609 1602 786 1692 compositi
815 1603 959 1671 secundo
983 1608 1019 1672 et
1041 1605 1148 1672 tertio
1172 1606 1291 1694 capiti·

146 1713 219 1795 bue,
243 1711 300 1778 ubi
322 1709 566 1778 de'Gallorum
588 1711 715 1778 venatu
742 1708 869 1796 agitur.
914 1709 1147 1778 Periculosum
1177 1715 1291 1779 autem

147 1840 220 1885 esse
253 1815 372 1886 Gallos
407 1815 565 1883 inducere
597 1837 705 1904 neque
738 1815 896 1900 indicare,
930 1819 1047 1883 utrum
1081 1815 1214 1884 Galliae
1248 1838 1291 1885 an

148 1924 251 1990 Asiae
282 1922 413 1991 incolae
443 1921 668 2005 nominentur,
701 1921 783 1988 mihi
810 1920 876 1989 iam
910 1921 968 1988 diu
997 1944 1193 2011 persuasum
1227 1927 1289 1992 est.

147 2030 245 2099 Nunc
277 2033 459 2118 praeterea
491 2027 743 2096 Radermacher
755 2026 808 2114 322)
841 2028 1072 2096 testimonium
1104 2029 1204 2096 huius
1239 2030 1291 2097 rei

147 2135 278 2204 attulit.
325 2136 459 2224 Optime
482 2135 570 2202 enim
599 2134 849 2202 demonstravit
878 2156 976 2202 canes
1001 2134 1169 2202 ‘Celticos'
1201 2135 1291 2224 apud

148 2239 324 2308 Grattium
362 2240 562 2327 Gynegetici
602 2239 695 2306 illius
732 2238 814 2306 libri
851 2239 1053 2329 scriptorem
1086 2243 1218 2327 (postea
1255 2245 1291 2309 et

148 2345 286 2415 ‘Gallos’
310 2345 513 2432 nominatos)
536 2369 603 2412 non
626 2369 700 2413 esse
716 2345 874 2434 Europae
894 2345 952 2412 sed
968 2345 1171 2414 Galatarum
1187 2347 1289 2414 Asiae

145 2451 284 2520 minoris
319 2473 427 2519 canes.
485 2451 662 2520 Grattium
695 2455 809 2520 autem
847 2451 1066 2540 exscripsisse
1105 2452 1219 2540 (atque
1254 2451 1290 2518 id

145 2559 318 2647 pessimat)
352 2560 525 2625 auctorem
555 2557 825 2625 Alexandrinum
871 2579 912 2624 en
946 2559 1115 2624 nominum
1144 2557 1288 2624 aliarum

145 2665 297 2751 gentium
317 2663 556 2751 compositione
572 2665 726 2751 apparet.
772 2663 814 2729 In
831 2662 971 2729 eundem
987 2685 1137 2730 errorem
1152 2663 1289 2731 videtur

145 2768 302 2836 incidisse
324 2769 367 2834 M.
390 2767 564 2856 Fieg1³²³),
596 2768 654 2856 qui
677 2766 864 2835 Arrianum
894 2791 992 2836 canes
1017 2768 1167 2837 Gallicos
1192 2769 1226 2835 in
1249 2769 1290 2835 li-

145 2875 269 2943 bellum
300 2874 482 2942 inseruisse
512 2877 621 2962 putat,
655 2878 835 2963 postquam
863 2874 989 2942 librum
1019 2873 1140 2943 Gratti
1162 2875 1289 2942 Romae

146 2981 394 3068 recognoverit.
451 2979 539 3048 Solis
570 2980 645 3047 luce
676 2980 800 3047 clarius
831 2984 885 3048 est
917 2979 1104 3046 Arrianum
1135 2979 1171 3047 in
1204 2979 1290 3047 Asia

145 3088 273 3155 minore
295 3086 370 3175 ipsa
392 3109 490 3154 canes
514 3085 664 3155 Gallicas
690 3086 861 3155 venaticas
884 3085 1051 3154 habuisse.

127 3224 129 3229 ·
231 3210 420 3278 Redeamus
444 3209 488 3278 ad
510 3209 665 3278 Caesaris
690 3210 839 3298 Augusti
861 3212 1019 3278 aetatem.
1068 3209 1179 3298 Supra
1204 3209 1288 3278 Ver-

144 3317 246 3404 gilius
271 3315 367 3404 quasi
396 3315 569 3404 exemplar
598 3315 666 3384 fuit
688 3316 780 3383 illins
809 3315 1041 3404 amplitudinis
1065 3314 1199 3401 imperii
1221 3315 1289 3381 Ro-

144 3422 244 3505 mani,
276 3444 342 3511 qua
371 3421 412 3489 fit
433 3424 475 3488 ut
497 3422 556 3488 vin
577 3421 613 3488 in
635 3423 745 3509 politis
779 3421 1014 3504 discernamus,
1048 3421 1127 3508 quid
1151 3419 1197 3487 sit
1220 3422 1288 3488 Ro-

143 3550 287 3611 manum,
322 3526 403 3616 quid
435 3525 608 3609 Graecum,
640 3526 722 3614 quid
744 3550 786 3594 en
808 3526 885 3593 aliis
918 3525 1076 3613 gentibus
1101 3529 1284 3615 receptum.

144 3634 262 3722 Neque
290 3632 398 3720 igitur
428 3619 571 3721 prodest
599 3632 690 3700 locos
721 3633 818 3700 velut
841 3632 975 3720 Vergili
999 3631 1100 3700 Ovidi
1130 3632 1284 3714 aliorum,

144 3740 264 3827 quibus
287 3738 462 3807 venaticae
483 3762 537 3806 res
561 3742 750 3806 narrantur
773 3737 829 3806 vel
852 3743 1051 3825 tanguntur,
1076 3737 1284 3805 accumulare

145 3849 180 3914 et
210 3867 408 3913 enumerare
446 3848 506 3912 aut
547 3844 604 3912 hos
642 3849 760 3932 poetas
798 3844 956 3912 inducere
994 3849 1101 3913 testes
1140 3843 1287 3912 venatici

144 3949 317 4018 cuiusdam
354 3949 516 4018 sermonis
549 3949 702 4017 Romani.
762 3949 949 4037 Praecipue
986 3949 1177 4018 Laucherto
1215 3970 1289 4017 earn

192 4284 194 4288 7
234 4207 299 4274 320)
319 4203 467 4259 O.Weise:
487 4203 595 4259 Griech.
608 4203 721 4259 Wbrter
739 4204 768 4258 in
787 4203 812 4258 d.
831 4205 879 4259 lat.
900 4203 961 4274 Spr.
981 4221 1008 4273 p.
1028 4206 1089 4259 239.

235 4295 299 4365 321)
318 4294 408 4348 Strab.
429 4294 475 4363 IV,
497 4297 555 4350 196.
671 4296 734 4365 322)
751 4295 822 4350 Mus.
838 4294 924 4349 Rhen.
945 4296 980 4349 50
998 4310 1060 4363 pag.
1081 4295 1142 4349 249.

235 4386 300 4455 323)
318 4385 355 4439 Μ.
376 4383 468 4454 Fiegl:
489 4384 600 4440 Gratius
619 4383 744 4440 Faliscus
762 4401 788 4441 u.
809 4401 829 4440 s.
848 4383 1030 4454 Naehahmor,
1053 4385 1126 4441 Gtrz
1148 4386 1223 4439 1890.
1285 4419 1288 4427 ,
