2880 4734
699 239 741 306 63

149 412 230 498 quin
252 411 356 479 etiam
379 410 513 480 Graeca
536 434 603 479 vox
626 415 730 496 ἄρκυς
751 415 893 482 carmini
915 415 1047 483 cuidam
1068 416 1292 487 inserebatur.

148 519 201 584 De
222 515 275 584 bis
297 517 411 585 verbis
433 527 487 585 est
509 524 630 605 postea
652 520 828 606 agendum.
1005 575 1020 604 ,

235 620 313 688 Non
346 622 454 708 magis
489 623 585 710 prius
619 629 855 709 argumentum
890 625 972 691 mihi
1004 626 1125 713 placet.
1180 627 1292 696 Varro

149 727 246 809 enim,
284 748 356 793 cum
394 727 436 794 de
473 727 868 814 magnificentibus
913 730 1104 818 aequalium
1140 731 1292 801 ferarum

149 833 277 920 saeptis
308 832 392 918 agit,
425 833 474 898 de
509 833 702 902 venando
733 835 769 900 in
799 836 847 901 eis
869 835 955 901 nihil
986 835 1084 903 docet
1106 858 1214 923 neque
1236 860 1291 903 us-

146 959 248 1026 quam
271 937 447 1026 qnioquam
470 937 511 1004 de
534 938 597 1005 hac
619 960 657 1004 re
680 939 849 1007 traditum
870 940 1023 1026 legimus.
1061 940 1166 1007 Alter
1188 941 1292 1025 loeus,

149 1042 205 1109 ubi
227 1042 341 1110 Varro
364 1065 406 1110 ne
429 1043 503 1131 quis
528 1043 681 1129 agricola
712 1067 828 1112 canem
850 1067 872 1112 a
894 1045 1048 1112 carnifice
1074 1047 1127 1113 vel
1150 1069 1170 1113 a
1192 1069 1293 1115 vena·

149 1152 226 1214 tore
249 1155 339 1216 emat
361 1151 485 1229 monet,
509 1147 592 1215 mihi
615 1150 822 1215 occasionem
844 1152 988 1237 praebet
1010 1151 1205 1238 quaerendi.
1236 1153 1296 1240 qui

148 1252 279 1319 fuerint
308 1252 362 1320 illi
393 1256 648 1321 venatores.
694 1253 783 1321 Num
814 1261 913 1321 erant
936 1255 1027 1322 cives
1051 1256 1205 1340 Romani,
1236 1258 1295 1346 qui

148 1358 258 1425 lusum
280 1357 426 1425 venandi
449 1358 607 1433 colebant
622 1365 658 1425 et
673 1380 772 1428 canes
788 1359 1003 1428 vendebant?
1048 1359 1160 1428 Valde
1174 1362 1295 1431 mirum

149 1467 248 1545 esset,
284 1463 314 1531 si
339 1463 437 1548 *cives
471 1462 569 1529 iuxta
601 1462 709 1530 lanios
744 1462 848 1551 positi
881 1467 1005 1531 essent.
1050 1465 1127 1532 Mea
1160 1465 1294 1553 quidem

149 1569 321 1636 sententia
357 1568 410 1634 illi
448 1574 631 1636 venatores
669 1567 879 1636 Varroniani
917 1573 998 1635 sunt
1033 1569 1199 1656 servim),
1237 1571 1294 1641 vel

147 1673 297 1740 fortasse
318 1673 483 1756 libertini,
507 1695 646 1760 quorum
668 1673 780 1740 officia
795 1673 1014 1760 pertinebant
1036 1674 1078 1741 ad
1094 1675 1195 1753 feras,
1221 1676 1293 1745 sive

148 1781 187 1845 ut
211 1799 269 1845 eas
290 1781 432 1866 propter
454 1777 578 1864 pellem
593 1782 653 1846 aut
670 1787 813 1860 earnem,
838 1799 923 1865 quae
939 1778 1115 1848 ditissimis
1131 1780 1294 1848 Romanis

148 1884 220 1950 cibo
245 1881 410 1967 esset²⁹⁰),
439 1883 474 1949 in
495 1884 668 1949 montibus
692 1886 873 1970 captarent
897 1883 968 1950 sive
990 1887 1030 1950 ut
1053 1884 1293 1955 saluberrimas

149 2010 296 2076 quasque
318 1992 436 2076 partes
459 2010 635 2075 corporum
657 1988 701 2054 ad
723 1986 868 2054 medicos
892 1993 1072 2075 portarent
1083 1988 1137 2076 291)
1161 1989 1234 2060 sive
1252 1995 1294 2057 ut

149 2092 240 2161 feras
263 2093 307 2158 ad
328 2092 425 2159 ludos
447 2093 599 2180 publicos
622 2092 788 2160 circenses
820 2097 990 2178 cogerent.
1034 2094 1089 2162 Me
1113 2095 1199 2163 talia
1222 2095 1293 2165 sine

148 2198 218 2266 ullo
241 2198 357 2265 labore
380 2219 421 2266 ex
443 2196 506 2264 hac
528 2220 595 2265 una
618 2220 698 2265 voce
721 2199 952 2265 venatoris
977 2199 1173 2266 concludere
1192 2222 1293 2288 posse

147 2303 219 2370 loco
235 2304 401 2390 probatur
419 2325 459 2370 ex
476 2302 638 2372 Cicerone
654 2303 850 2390 desumpto:
875 2303 1151 2389 <Consuetudinis
1170 2326 1294 2391 magna

149 2411 200 2478 vis
223 2418 286 2476 est.
331 2408 543 2476 Pernoctant
565 2412 748 2477 venatores
770 2410 804 2474 in
828 2409 917 2491 nive,
940 2408 975 2474 in
999 2410 1168 2477 montibus
1187 2411 1293 2479 uriae

147 2514 343 2604 patiuntur>
355 2512 419 2599 ²⁹²).
458 2516 598 2581 Duabus
615 2516 723 2581 causis
740 2514 795 2582 hio
809 2515 902 2582 locus
918 2522 971 2582 est
987 2515 1107 2581 summi
1121 2517 1292 2584 momenti.

147 2621 265 2689 Cicero
289 2621 376 2687 enim
406 2619 531 2686 inserit
555 2623 733 2687 venatores
756 2621 792 2686 in
814 2620 965 2687 athletas
999 2619 1131 2706 pugiles
1161 2621 1292 2707 gladia-

148 2729 252 2801 tores,
288 2748 370 2813 quos
405 2748 479 2791 csse
513 2724 708 2812 deperditos
742 2725 891 2792 homines
926 2730 987 2791 aut
1022 2727 1185 2794 barbaros
1220 2727 1293 2816 ipse

148 2830 253 2897 addit.
298 2829 426 2911 Quibus
443 2832 544 2897 rebus
568 2831 751 2917 compertis
769 2830 843 2916 quis
861 2829 1061 2896 Sallustium
1078 2831 1292 2898 venationem

147 2936 320 3002 nominare
352 2936 473 3002 servile
507 2936 653 3002 officium
685 2935 901 3002 admiratur?
945 2936 1072 3002 Altera
1103 2944 1169 3018 est,
1203 2938 1292 3024 quod

149 3040 264 3108 Cicero
295 3040 350 3107 hic
380 3063 419 3107 re
442 3062 525 3107 vera
548 3040 590 3106 de
611 3040 773 3107 Romanis
807 3040 908 3106 rebus
941 3039 1102 3125 loquitur,
1136 3038 1172 3104 id
1203 3041 1292 3126 quod

147 3145 395 3232 gladiatoribus
417 3145 600 3212 indicatur.
646 3144 687 3210 Id
710 3145 796 3211 enirn
828 3145 918 3231 apud
940 3144 1136 3211 Ciceronem
1159 3166 1292 3231 semper

148 3255 203 3318 est
231 3250 576 3333 animadvertendum,
611 3260 727 3315 utrum
759 3250 854 3336 quasi
884 3249 1056 3316 Romanus
1087 3250 1140 3316 vir
1172 3270 1217 3315 an
1250 3273 1291 3317 ex

147 3354 380 3444 philosophica
412 3355 554 3442 quadarn
587 3355 721 3421 ratione
749 3357 855 3421 verba
888 3354 1003 3420 faciat.
1057 3353 1107 3420 Ut
1138 3353 1290 3441 exemplo

147 3464 239 3543 utar,
270 3459 388 3526 Cicero
417 3460 453 3525 in
477 3459 605 3526 Catone
632 3460 761 3526 maiore
772 3457 825 3546 293)
849 3458 891 3526 de
921 3458 1070 3525 rusticae
1099 3459 1192 3526 vitae
1215 3459 1291 3525 sim-

237 3698 301 3762 289)
320 3693 405 3748 Iidem
423 3701 567 3750 venatores
587 3695 690 3749 vivaria
716 3710 823 3763 quoque
848 3692 1046 3748 custodiebant.

357 3788 449 3837 custos
475 3783 571 3836 vivarii
589 3783 746 3838 nominatur
765 3782 792 3836 C.
804 3783 824 3837 l.
836 3782 867 3836 L.
886 3782 933 3849 Vl,
956 3785 1014 3836 130.

356 3878 516 3928 venatores:
536 3872 622 3926 Orelli
640 3889 674 3926 no
694 3876 736 3926 22.
774 3864 835 3940 Dig.
856 3875 899 3939 33,
919 3875 946 3935 7,
969 3874 1009 3924 12.
1047 3870 1135 3923 Varro
1156 3869 1203 3936 111,
1223 3872 1248 3936 3,
1268 3872 1293 3923 4.

357 3961 462 4018 familia
482 3962 638 4017 venatoria:
658 3961 686 4015 C.
698 3962 718 4015 I.
729 3962 760 4015 L.
781 3962 814 4029 V,
834 3964 912 4015 2541.

149 4054 191 4108 De
210 4054 386 4108 venatoribus
398 4051 529 4107 Romanis
550 4051 715 4106 circensibus
736 4051 821 4105 multa
840 4050 944 4118 scripta
957 4056 1029 4120 sunt,
1050 4064 1119 4116 quae
1139 4047 1295 4117 singulatim

150 4157 309 4196 enumerare
330 4141 459 4196 hocloco
479 4157 533 4194 non
553 4156 621 4208 opus
640 4147 690 4195 est.

239 4234 304 4301 290)
324 4230 360 4284 ci.
374 4230 528 4285 Horatium.
623 4231 687 4298 291)
707 4227 741 4282 cf.
756 4227 882 4282 Plinium.
956 4228 1021 4296 292)
1038 4226 1092 4282 Cic.
1108 4226 1188 4282 Tusc.
1204 4228 1238 4294 ΙΙ,
1252 4231 1295 4282 40.

240 4323 304 4390 293)
324 4320 382 4375 Cat.
401 4320 464 4375 mai.
485 4322 519 4374 56
538 4319 566 4389 (ἓ
585 4321 601 4372 5
620 4323 648 4372 et
667 4319 704 4387 6).
