2880 4734
693 221 737 286 64

150 393 307 484 plicitate
337 395 412 480 agit
441 415 480 461 ac
509 394 551 462 de
581 394 716 482 gaudiis
739 395 810 462 eius
833 394 896 462 hoc
917 396 1056 462 scribit:
1086 395 1294 483 <conditiora

151 500 236 568 facit
258 499 341 566 haec
363 500 621 586 supervacaneis
637 501 741 567 etiam
757 500 869 587 operis
885 502 1062 581 aucupium
1078 505 1114 569 et
1129 502 1293 586 venatio).

149 605 215 688 Qui
251 605 405 694 potuerit
441 603 526 687 fieri,
566 609 606 674 ut
641 604 758 673 Cicero
794 607 866 672 seni
898 605 1014 673 ludum
1046 607 1193 674 venandi
1224 615 1294 675 tam

149 710 355 778 laboriosum
378 709 633 793 commendaret,
658 711 777 777 statim
796 715 942 798 apparet
958 712 1089 799 siquae
1105 717 1294 800 sequentur

146 814 236 903 apud
268 814 463 882 Ciceronem
494 814 707 902 perlegimus.
753 814 988 904 Xenophontis
1022 816 1110 883 enim
1140 817 1225 883 libri
1254 821 1295 884 ut

146 919 308 1006 legantur
330 924 445 986 monet
467 918 586 986 Cicero
609 926 712 1007 atque
735 943 798 1007 ego
826 920 889 987 hoc
916 921 1060 1009 primum
1084 943 1163 988 esse
1194 924 1295 991 testi-

146 1025 292 1090 monium
321 1024 400 1091 libri
423 1024 623 1112 cynegetici
653 1024 872 1114 Xenophonti
901 1026 1065 1092 attributi
1097 1048 1135 1093 eo
1165 1027 1294 1094 maiore

146 1129 340 1197 constantia
373 1127 550 1212 contendo,
585 1130 674 1217 quod
709 1129 798 1217 apud
832 1131 995 1198 neminem
1026 1129 1134 1198 adhuc
1165 1131 1294 1198 inveni.

233 1235 283 1302 Ut
304 1238 462 1303 revertar
485 1234 528 1301 ad
551 1241 733 1302 venatores
756 1258 858 1322 supra
881 1234 1000 1316 dictos,
1030 1235 1152 1303 merito
1175 1235 1294 1304 Cicero

147 1362 205 1407 eos
236 1342 454 1407 enumerabat
484 1339 582 1406 iuxta
610 1339 761 1407 athletas
797 1340 928 1428 pugiles
962 1340 1184 1427 gladiatores,
1219 1363 1295 1408 cnm

148 1444 251 1512 iidem
272 1449 457 1513 venatores
480 1444 667 1511 inherens
696 1468 828 1533 quoque
851 1468 924 1512 cum
947 1445 1067 1512 bestiis
1088 1450 1293 1533 pugnarent.

147 1549 200 1615 Ex
217 1549 335 1632 servis,
360 1571 500 1637 quorum
524 1548 671 1615 officium
695 1552 770 1615 erat
792 1553 932 1638 captare
955 1550 1080 1617 bestias
1097 1555 1135 1617 et
1154 1572 1294 1618 servare

146 1655 287 1734 vivaria,
310 1654 528 1742 gladiatores.
545 1653 598 1720 illi
620 1655 789 1722 venatorii
812 1655 906 1722 enati
929 1678 1004 1722 esse
1026 1655 1107 1721 mihi
1120 1656 1293 1723 videntur.

145 1759 300 1847 Collegia
330 1764 532 1828 venatorum
562 1762 598 1826 et
628 1760 664 1825 in
686 1758 792 1826 Italia
814 1763 851 1826 et
873 1769 993 1848 postea
1022 1761 1173 1827 omnibus
1197 1762 1292 1845 locis,

145 1865 266 1952 quibus
284 1869 385 1932 erant
399 1864 472 1930 ludi
487 1864 652 1931 circenses
667 1864 831 1947 instituti,
855 1865 1078 1933 inveniuntur
1089 1864 1153 1951 294).
1199 1865 1293 1934 Non·

143 1969 239 2037 nulla
261 1971 414 2057 exempla
436 1970 472 2036 in
494 1967 715 2037 adnotatione
738 1970 852 2052 attuli,
876 1970 977 2058 plura
1000 1970 1123 2038 addere
1138 1971 1293 2060 ineptum

144 2077 226 2144 mihi
247 2078 358 2145 visum
380 2081 444 2159 est,
468 2077 548 2164 quia
570 2076 619 2144 eis
643 2077 777 2164 quidem
800 2081 854 2144 est
877 2078 918 2144 de
941 2077 1003 2145 heo
1017 2101 1055 2145 re
1071 2079 1291 2161 scribendum,

143 2182 202 2268 qui
223 2183 265 2250 de
287 2182 439 2268 collegiis
453 2183 683 2249 Romanorum
700 2183 754 2249 vel
770 2181 812 2248 de
826 2181 1023 2269 gladiatura
1041 2184 1159 2270 agunt,
1182 2204 1293 2270 neque

144 2287 226 2353 mihi
257 2288 436 2355 historiam
469 2287 592 2354 nobilis
626 2288 771 2354 venandi
804 2287 910 2354 studii
944 2288 1167 2377 componenti.
1218 2288 1292 2355 Hoc

145 2414 228 2479 ergo
250 2393 348 2460 modo
371 2392 532 2460 Romanis
555 2413 598 2458 ex
620 2413 707 2457 anno
725 2391 799 2472 186,
823 2414 888 2478 quo
912 2393 1110 2459 venationes
1133 2391 1169 2456 in
1190 2390 1291 2458 ludos

142 2498 307 2565 circenses
339 2497 598 2585 recipiebantur,
636 2496 767 2585 placuit
801 2497 950 2577 ‘venari’‚
989 2520 1056 2564 non
1088 2518 1150 2584 per
1184 2496 1290 2564 silvas

145 2610 322 2690 vagantes,
344 2602 468 2668 famem
490 2601 649 2690 sitimque
672 2604 880 2688 superantes,
913 2602 983 2668 acri
1006 2601 1076 2669 telo
1099 2601 1191 2669 feres
1214 2623 1291 2690 per*

142 2711 329 2796 sequentes,
354 2707 412 2775 sed
435 2729 477 2773 ex
499 2707 573 2773 alta
595 2707 673 2774 sede
696 2709 905 2795 spectabant,

271 2813 414 2880 Concita
435 2811 567 2880 veloces
591 2811 731 2898 fugeret
753 2833 827 2877 cum
849 2811 982 2878 damma
1003 2810 1168 2877 Molossos

269 2918 317 2984 Et
340 2917 438 2985 varia
460 2917 572 2984 lentas
595 2919 749 2984 necteret
772 2921 850 2983 arte
872 2938 984 2983 moras

271 3022 428 3089 Caesaris
451 3027 531 3090 ante
554 3022 656 3111 pedes
682 3021 825 3109 supplex
847 3020 1034 3109 similisque
1056 3021 1197 3109 roganti

271 3126 447 3208 Constitit,
471 3131 508 3194 et
530 3126 688 3214 praedam
710 3150 778 3194 non
800 3127 949 3214 tetigere
972 3125 1144 3212 caueam).

140 3232 363 3320 Auttcaprea)
385 3230 530 3319 despicit
552 3231 613 3297 illa
636 3252 734 3298 canes

270 3337 417 3404 Pulcher
440 3335 539 3403 adest
561 3357 698 3422 onager,
721 3335 816 3402 mitti
839 3335 975 3402 venatio
998 3332 1099 3402 debet

272 3442 395 3509 Dentis
417 3440 624 3526 Erythraei,
648 3440 716 3506 iam
738 3445 911 3507 removete
935 3440 1027 3506 sinus
1044 3491 1051 3506 .
1070 3490 1078 3506 .
1095 3438 1178 3525 Ψ).

231 3602 296 3669 294)
320 3602 417 3669 Arpini
437 3601 466 3656 C.
476 3601 496 3654 1.
509 3600 539 3654 L.
559 3600 594 3669 X,
614 3603 693 3654 5671.

320 3689 432 3744 Corfinii
444 3691 491 3757 lx,
504 3692 574 3745 3169
588 3691 634 3760 (=
647 3689 694 3744 Or.
707 3691 798 3758 4118).
836 3689 911 3743 Deae
928 3688 1121 3744 Vocontiorum
1132 3689 1194 3757 XII,
1210 3690 1286 3744 1590.

320 3780 445 3833 Corinthi
465 3780 492 3834 C.
505 3781 523 3833 Ι.
535 3780 566 3834 G.
589 3783 656 3835 1106
675 3781 722 3848 (=
741 3777 840 3832 Kaibel
859 3778 911 3847 Ep.
932 3793 972 3846 gr.
991 3780 1065 3847 885).

321 3868 375 3922 Gt:
397 3869 561 3922 Liebenam:
581 3868 740 3922 Romisches
760 3866 967 3922 Vereioswesen
986 3883 1047 3936 pag.
1071 3870 1128 3922 123.

383 3958 538 4026 Waltzing:
557 3958 611 4011 Les
631 3957 822 4026 corporations
841 3956 907 4010 chez
926 3957 966 4010 les
984 3955 1124 4010 Romains.

383 4047 413 4100 P.
432 4047 453 4101 Ι.
473 4047 576 4101 Meier:
603 4047 642 4100 De
668 4046 825 4114 gladiatura
844 4045 976 4101 Romana.
1014 4046 1100 4100 Bonn.
1119 4043 1185 4100 dIss.
1209 4047 1285 4101 1881.

383 4135 556 4191 Hirschfeld:
577 4136 715 4191 Gallische
734 4135 856 4190 Studien.

383 4229 547 4282 Mommsen:
567 4227 629 4281 Ber.
648 4224 675 4280 d.
694 4225 779 4293 antiq.
800 4225 861 4280 Ges.
881 4226 910 4280 in
928 4224 1028 4280 Zbrich
1048 4227 1117 4279 1868
1135 4240 1162 4292 p.
1182 4226 1227 4279 65.

231 4320 293 4385 295)
313 4316 433 4372 Martial.
454 4316 500 4384 Sp.
520 4315 606 4384 XXX,
628 4319 650 4369 l.
756 4317 819 4384 296)
839 4317 891 4386 Ep.
910 4315 984 4384 XIII,
1003 4317 1046 4368 99.
