2880 4734
700 216 740 281 31

147 392 296 455 mentum
329 387 471 476 primum
502 387 612 455 locum
644 388 831 457 obtineant.
878 390 1094 478 Quocumque
1120 389 1219 456 modo
1242 413 1298 458 res

149 515 186 560 se
219 493 333 573 habet,
368 513 435 560 una
464 497 558 560 certe
592 516 634 561 ex
656 495 704 561 eis
740 494 951 582 opinionibus
987 498 1108 583 postea
1141 494 1301 563 celeriter

149 597 253 685 vulgo
276 599 423 685 receptis
447 597 532 665 alias
556 599 694 684 figuras,
729 621 814 687 quae
837 598 881 666 ad
913 622 985 666 rem
1010 600 1198 666 venaticam
1222 622 1298 688 per·

148 707 272 785 tinent,
296 728 406 773 secum
430 705 537 773 duxit.
585 707 711 774 Poetae
726 708 878 795 tragicae
893 708 946 775 his
963 709 1098 775 vocibus
1114 713 1295 796 tantopere

148 811 375 895 delectantur,
399 816 440 880 ut
464 814 512 881 eis
536 817 679 881 utantur
700 814 784 902 ipsis
817 813 994 881 elatissimi
1018 815 1180 882 sermonis
1204 814 1297 896 locis,

150 938 217 1005 qua
238 917 273 983 in
287 939 324 984 re
348 939 449 1006 saepe
472 919 647 986 observari
671 922 786 1005 potest
808 919 935 986 animos
958 923 1138 1007 poetarum
1159 919 1298 986 incitari

148 1021 206 1089 vel
227 1021 415 1089 nominibus
439 1022 587 1105 dearum,
612 1045 697 1111 quae
721 1028 802 1091 sunt
824 1025 943 1089 Λύσσα
956 1024 1043 1108 ’Άτη
1077 1025 1133 1092 vel
1157 1047 1198 1091 ex
1220 1047 1297 1111 per-

147 1127 275 1194 nicioso
307 1127 374 1195 reti
404 1127 536 1211 Mortis,
554 1128 755 1217 ¹piscatorio
785 1128 864 1195 Orci
897 1129 954 1196 vel
988 1151 1030 1195 ex
1063 1130 1182 1217 quavis
1216 1152 1297 1197 voce

149 1232 321 1300 cotidiana
342 1234 482 1321 proprie
505 1234 662 1301 venatica
684 1234 780 1301 velut
802 1236 973 1316 θηρεύειν.

238 1338 333 1405 Hanc
355 1360 461 1404 meam
489 1338 677 1425 opinionem
699 1338 927 1426 compluribus
951 1339 1113 1427 exemplis
1129 1341 1298 1407 affirmare

148 1445 306 1510 conabor.
653 1459 655 1464 '

236 1549 339 1636 Apud
370 1549 582 1636 Aeschylum
615 1549 804 1616 invenimus
836 1549 1143 1636 breviloquentiam
1175 1552 1299 1632 ἄρκυος

149 1675 211 1740 pro
244 1653 391 1741 pernicie
423 1654 459 1720 iu
481 1653 745 1740 Agamemnonis
769 1676 795 1719 s.
821 1653 851 1719 d.
876 1674 990 1720 versu.
1036 1654 1164 1721 Eadem
1198 1653 1299 1741 virgo

150 1758 353 1841 Cassandra,
385 1781 470 1846 quae
504 1759 646 1826 fatidico
679 1781 736 1825 ore
770 1758 1058 1844 Clytaemestram
1094 1759 1189 1847 quasi
1223 1781 1299 1847 per·

148 1862 268 1931 niciem
295 1864 413 1930 mariti
442 1864 605 1952 appellat,
636 1864 752 1951 paucis
784 1865 938 1931 versibus
968 1868 1048 1931 ante
1072 1863 1146 1952 ipsa
1169 1887 1299 1952 compa·

149 1971 251 2035 ratur
274 1990 344 2033 oum
361 1968 436 2035 fera
456 1991 564 2056 nuper
580 1972 696 2057 capta:
719 1972 843 2052 τρόπος
865 1967 902 2034 δὲ
925 1972 1032 2052 θηρὸς
1055 1970 1100 2046 ὡς
1122 1968 1299 2052 νεαιρέτου

148 2073 171 2148 i.
187 2096 218 2162 q.
236 2073 426 2162 explicatur
441 2096 462 2139 a
478 2073 732 2160 Clytaemestra
749 2080 893 2140 λιποῦσα
916 2072 978 2158 μὲν
994 2079 1095 2140 πόλιν
1111 2079 1297 2159 νεαίρετον.

150 2177 234 2245 Cum
257 2200 339 2245 cane
362 2179 519 2246 venatica
542 2183 664 2267 postea
691 2182 908 2266 comparatur
933 2178 1127 2246 Cassandra
1150 2201 1172 2246 a
1196 2178 1297 2245 choro

150 2283 202 2351 his
225 2283 336 2350 verbis
353 2283 423 2368 Ι’“);

324 2410 432 2473 ἔοικεν
455 2409 548 2490 εὔρις
570 2409 590 2492 ν)
613 2408 690 2492 ξένη
713 2409 814 2484 κυνὸς
838 2410 934 2491 δίκην

325 2507 422 2596 εἶναι,
444 2516 578 2596 ματεύει
601 2509 681 2579 δ’ὧν
703 2513 880 2597 ἀνευρήσει
903 2516 1012 2595 φόνον

149 2635 186 2701 in
208 2656 291 2723 quos
314 2634 502 2722 respiciunt
524 2658 644 2702 versus
658 2634 727 2720 ¹³²):

325 2756 380 2823 καὶ
402 2771 597 2842 μαρτυρεῖτε
620 2760 821 2842 συνδρόμως
845 2765 937 2843 ἴχνος
960 2769 1071 2823 κακῶν

325 2864 551 2948 ῥινηλατούσῃ
573 2877 641 2929 τῶν
664 2865 766 2929 πάλαι
789 2862 1032 2947 πεπραγμένων
1057 2913 1137 2929 ....

239 3004 282 3070 In
304 3004 546 3072 Eumenidibus
569 3004 658 3092 quod
687 3005 825 3071 termini
848 3004 998 3071 venatici
1021 3002 1193 3069 nonnullis
1216 3003 1299 3070 locis

152 3108 377 3192 cumulantur,
400 3133 468 3176 non
490 3109 662 3177 miramur.
707 3109 796 3175 Nam
817 3109 974 3192 Ἐρινύες,
1003 3108 1155 3197 quamvis
1179 3131 1240 3195 per
1264 3130 1300 3174 se

152 3234 294 3300 magnae
318 3212 409 3293 deae,
438 3218 518 3280 sunt
540 3236 638 3280 canes
662 3214 802 3280 deorum
825 3215 921 3302 quasi
945 3213 1130 3293 venaticae,
1154 3213 1176 3279 i.
1202 3237 1232 3300 q.
1257 3212 1298 3278 de

152 3316 384 3386 Wilamowitz
409 3318 457 3384 sic
480 3319 649 3406 expressit
660 3316 734 3402 1”“);
776 3319 906 3403 „Weun
930 3319 978 3385 sie
1002 3317 1123 3384 Hunde
1148 3317 1232 3395 sind,
1262 3339 1298 3384 so

154 3421 228 3489 sind
251 3423 299 3490 sie
316 3422 602 3490 Schweisshunde:
627 3423 676 3490 sie
696 3423 800 3510 jagen
822 3447 888 3489 nur
911 3423 977 3490 den
992 3421 1298 3489 Blutbefleckten.“

153 3565 197 3576 —
226 3525 361 3615 Species
399 3530 434 3594 et
470 3530 590 3594 umbra
628 3526 900 3614 Clytaemestrae
938 3528 1067 3595 excitat
1102 3527 1226 3593 Furias
1264 3526 1299 3591 in

154 3655 268 3699 somno
291 3632 476 3700 crudeliter
498 3638 747 3700 murmurantes
764 3633 815 3719 ¹³⁹)

244 3862 308 3931 136)
327 3865 422 3930 Agam.
443 3865 520 3915 1047.
640 3865 702 3929 137)
723 3865 773 3930 Ag.
795 3866 870 3916 1140.

245 3951 308 4019 138)
327 3951 391 4004 Wil.
410 3951 490 4005 Herc.
512 3951 577 4005 Eur.
600 3951 644 4018 1ΙΙ,
664 3967 726 4018 pag.
746 3954 806 4004 216.

246 4041 308 4110 139)
327 4039 406 4093 Eum.
423 4043 481 4094 130.
503 4043 562 4095 139.
584 4043 642 4093 147.
661 4042 722 4095 228.
742 4041 803 4093 216.
839 4039 875 4093 ad
887 4036 954 4111 λαβέ
967 4038 1003 4094 cf.
1016 4037 1083 4110 λαβὲ
1096 4036 1204 4091 σάκκον
1218 4039 1300 4092 Arch.

155 4131 222 4185 Anz.
241 4131 286 4196 (A.
300 4128 373 4197 Ztg.)
392 4128 459 4182 XIII
478 4128 529 4183 No.
544 4132 579 4182 74
598 4146 624 4197 p.
638 4131 696 4183 36*.
716 4126 752 4182 ad
770 4131 931 4197 ctuyynr'vu
950 4147 974 4183 v.
994 4145 1016 4183 s.
1053 4127 1089 4182 ad
1108 4122 1245 4182 ἐκλείπων
1264 4126 1299 4181 of.

154 4217 199 4272 Pr.
213 4217 282 4272 Xan.
302 4217 368 4287 Cyn.
381 4218 428 4284 111,
445 4222 478 4271 10
497 4214 528 4270 ol
544 4214 576 4271 tt
595 4217 702 4288 ἄψυχοι
721 4217 914 4272 colledunum
932 4216 968 4271 τὰ
988 4214 1055 4285 ἔργα
1075 4215 1124 4270 καὶ
1225 4215 1303 4283 ΙΙῙ,6

155 4309 269 4363 tutunus
294 4306 330 4362 τὰ
359 4303 511 4376 κυνηγέσια
539 4308 622 4376 IV,5
648 4307 719 4376 πρὸς
748 4304 780 4362 δὲ
798 4307 848 4362 τὸν
875 4303 1031 4376 κυνηγέτην
1060 4304 1097 4376 μὴ
1124 4301 1304 4360 ἐπανίτωσαν
