2880 4734
696 111 739 179 69

143 300 218 362 eum
238 292 275 360 in
290 289 462 380 Hispania
483 287 656 378 voluptati
679 309 760 357 suae
790 287 973 356 indulsisse
995 259 1095 356 valde
1124 290 1179 356 est
1202 286 1292 357 veri·

143 397 458 591 SlmllSdptuaginta
481 500 556 568 fere
587 498 683 568 annis
716 501 796 587 post
830 497 1073 586 Sertorius⁸¹²)
1094 498 1294 589 Hispaniam

145 611 206 679 sub
239 608 401 676 dicionem
432 628 527 674 suam
559 605 705 694 redegit.
751 604 817 687 Qui
849 605 913 688 vir,
946 608 1125 694 postquam
1147 606 1293 674 Romani

145 715 244 784 amici
266 737 339 782 eum
362 713 570 795 defecerunt,
601 711 709 799 magis
731 709 967 800 Hispaniensis
998 734 1098 799 quam
1120 712 1291 781 Romanus

146 821 273 892 animos
304 819 547 888 Lusitanorum
580 817 645 886 sibi
676 817 777 906 plane
812 816 1007 886 conciliavit
1042 819 1189 887 moribus
1212 819 1293 904 suis,

148 951 230 1018 quos
248 927 335 994 miro
350 924 448 992 modo
465 923 509 993 ad
523 923 751 1012 Hispanorum
774 922 1032 992 consuetudines
1055 923 1292 1014 adaptaverat.
1396 982 1399 987 .

147 1035 209 1104 His
231 1033 469 1102 continebatur
491 1037 634 1098 venatus
658 1053 799 1118 quoquc,
823 1052 921 1118 quem
943 1029 1118 1100 Sertorius
1141 1034 1291 1120 corporis

147 1140 247 1210 causa
274 1138 423 1206 libenter
462 1138 651 1204 exercebat.
698 1135 813 1202 Diana
844 1134 921 1223 ipsa
957 1138 1127 1222 venatrix,
1166 1161 1294 1207 summa

148 1248 375 1334 Hispanorum
397 1242 470 1326 dea,
501 1242 533 1309 ei
554 1243 648 1309 iussa
676 1263 739 1329 per
767 1263 902 1309 cervam
932 1241 1043 1310 albam
1072 1243 1174 1311 misit.
1219 1245 1294 1313 Hoc

148 1354 235 1422 enim
257 1350 355 1418 modo
386 1348 585 1437 superstitio
607 1347 792 1436 Hispaniae
824 1349 979 1435 gentium
1011 1347 1133 1416 callide
1160 1350 1196 1416 in
1218 1373 1294 1419 con·

147 1457 299 1526 siliarum
328 1453 465 1522 Sertori
493 1476 590 1520 usum
619 1456 702 1521 erat
725 1475 899 1522 conversa.
923 1493 966 1503 —
996 1455 1159 1523 Forsitan
1191 1457 1295 1524 etiam

147 1564 200 1632 illi
221 1561 285 1629 filii
307 1559 469 1628 nobilium
490 1558 729 1648 Hispanorum,
760 1559 819 1647 qui
841 1559 997 1628 Sertorio
1021 1562 1161 1631 auctore
1186 1561 1292 1632 Oscae
1394 1610 1397 1615 -

147 1668 402 1749 erudiebantur,
425 1688 499 1734 oum
522 1664 633 1734 adulti
655 1665 797 1734 Romam
818 1665 1002 1752 venissent,
1036 1689 1146 1736 secum
1168 1667 1293 1757 impor‘·

115 1837 117 1841 ,
147 1777 310 1844 taverunt
333 1771 482 1841 studium
504 1771 649 1840 venandi
664 1771 892 1860 Hispanicum.
938 1772 1025 1841 Nam
1040 1775 1168 1844 Romae
1192 1797 1292 1864 saepe

147 1880 283 1950 nobiles
312 1878 446 1949 externi
480 1877 598 1946 vivere
615 1879 618 1885 ’
633 1879 742 1946 coacti
776 1882 865 1946 sunt.
922 1878 1048 1948 Eorum
1081 1882 1140 1969 qui
1171 1885 1294 1970 postea

148 1986 290 2056 Romam
322 1987 490 2054 venerunt
522 2006 564 2051 ex
591 1983 767 2073 Hispania,
802 1984 929 2058 sufficit
962 1986 1126 2054 nonnulla
1157 1988 1293 2057 nomina

147 2092 306 2182 proferre
335 2090 431 2158 velut
453 2089 610 2157 Porcium
632 2090 817 2158 Latronem
828 2089 892 2178 ⁸¹³),
925 2091 981 2180 qui
1005 2091 1130 2161 Seneca
1152 2097 1293 2164 auctore

148 2202 225 2268 erat
241 2196 410 2266 ‘sollertia
425 2196 580 2264 venandi'
598 2196 786 2285 praeditus,
808 2198 1034 2286 imperatores
1051 2198 1291 2290 Traianumffla

148 2309 184 2374 et
200 2301 486 2390 Hadrianum³¹⁵),
510 2304 692 2391 utrumque
714 2307 913 2371 venatorem
933 2303 1080 2371 nobilem
1104 2311 1289 2390 strenuum,

147 2409 349 2492 Martialem,
380 2408 535 2491 Senecas,
568 2408 663 2492 alios,
694 2406 735 2476 de
759 2407 879 2496 quibus
902 2406 1092 2497 Kiesslingi
1116 2434 1292 2479 excursum

147 2513 337 2583 commendo
383 2511 631 2582 conferendum.
691 2512 804 2580 Unum
848 2516 982 2581 tantum
1026 2516 1213 2583 Romanum
1256 2517 1293 2583 in

146 2620 313 2709 Hispania
340 2618 539 2687 nominatim
568 2617 694 2686 addere
722 2619 835 2704 velim,
868 2619 1016 2687 Tullium
1043 2621 1224 2688 Maximum
1237 2622 1292 2712 316)

146 2730 262 2795 aetate
290 2723 458 2794 Hadriani
485 2724 649 2811 legatum,
683 2728 868 2813 propterea
903 2724 992 2812 quod
1024 2725 1059 2792 in
1090 2727 1290 2796 carminibus

145 2831 218 2900 eius
240 2853 339 2900 voces
362 2830 565 2919 Hispanicae
588 2834 668 2898 sunt
691 2833 849 2919 receptae
871 2832 1062 2920 (paramus)
1089 2855 1151 2921 pro
1175 2854 1290 2922 campo

146 2939 200 3028 (=·
217 2936 341 3026 Heide)
364 2941 400 3006 11
422 2936 551 3026 (diser)
573 2959 636 3026 pro
659 2937 780 3007 iaculo.

189 3199 193 3211 .
232 3137 372 3206 Ultimis
403 3136 530 3206 liberae
564 3137 617 3205 rei
646 3135 800 3226 publicae
832 3139 1106 3226 temporibus-
1131 3137 1291 3208 Cicerone

145 3251 174 3312 ei
197 3265 231 3330 g.
254 3265 357 3331 puero
381 3281 423 3290 -
445 3246 540 3311 totus
570 3243 644 3310 fere
677 3243 769 3311 orbis
800 3246 972 3311 terrarum
995 3245 1146 3312 Romano
1176 3245 1291 3312 iuveni

144 3350 297 3440 patebat.
343 3349 476 3417 Iterum
510 3349 700 3438 iterumque
720 3349 919 3438 'quotannis
956 3350 1057 3416 multi
1090 3355 1127 3419 11
1159 3351 1290 3420 nobiles

145 3453 381 3524 adulescentes
410 3454 556 3522 Romani
584 3457 746 3543 petebant
768 3454 958 3539 Graeciam,
990 3479 1032 3523 cx
1054 3479 1121 3544 qua
1150 3461 1290 3544 praeter

144 3560 282 3628 litteras
312 3559 569 3628 consuetudines
598 3583 729 3649 quoque
753 3561 902 3630 Graecas
927 3585 1037 3630 secum
1068 3564 1289 3648 reduxerunt,

144 3666 181 3734 in
203 3665 254 3733 his
281 3666 385 3734 etiam
408 3669 576 3735 venatum.
621 3665 766 3741 Praeter
790 3667 968 3736 Graeciam
992 3668 1148 3736 visebant
1170 3668 1288 3737 Asiam

184 3888 186 3893 ’
234 3881 297 3951 312)
315 3879 351 3936 cf.
370 3879 443 3935 Plut.
460 3879 563 3936 Sertor.
582 3881 731 3952 praecipue
749 3897 809 3952 cap.
829 3882 905 3937 XIII.

235 3970 299 4042 313)
318 3971 438 4026 Senecae
456 3975 542 4028 contr.
562 3971 583 4040 1,
602 3970 689 4041 praef.
711 3975 754 4028 14.
864 3973 929 4044 314)
948 3973 1018 4031 Plin.
1037 3988 1135 4042 paneg.
1155 3976 1198 4028 81.

235 4061 300 4130 315)
318 4060 377 4115 Ael.
397 4061 537 4131 Spartiani
556 4077 615 4131 cap.
636 4066 661 4116 2.
1254 4055 1257 4060 ’

232 4151 300 4220 316)
319 4150 419 4207 Annali
444 4149 489 4207 del
513 4152 580 4208 Inst.
607 4150 734 4222 XXXVI,
760 4154 814 4210 216
832 4144 1052 4225 ’(111111111111111
1079 4153 1107 4208 in
1136 4141 1212 4210 Leon
1240 4153 1292 4209 auf

146 4235 276 4310 Sizilien).
942 4272 946 4278 .
