2880 4734
639 263 659 326 7

74 439 137 504 bus
161 438 370 524 argumentis
394 438 529 504 additis.
574 436 702 503 Altera
725 439 890 524 exparte
913 435 993 502 olim
1008 437 1085 503 fieri
1099 436 1223 524 potuit,

73 549 117 609 ut
134 541 226 611 Sittl
250 543 406 629 proferre
428 567 498 609 non
519 542 732 609 dubitaverit
744 541 799 626 ²³):

160 648 226 713 Die
240 649 356 714 Kunst
380 637 506 715 bildete
527 647 565 734 ja
588 646 641 713 die
657 647 792 728 waen,
818 645 958 733 solunge
974 644 1226 713 Griechenland

74 751 183 818 selbst
199 775 263 819 vor
278 752 380 818 ihnen
396 752 548 835 zitterte,
572 751 738 819 teilweise
761 751 1112 837 unverhiiltnismiissig
1126 753 1223 838 gross.

163 856 237 922 Aut
271 856 585 944 Furtwaengler24)
624 861 704 923 ante
744 856 805 923 hos
842 857 917 922 fere
954 856 1081 922 XXIII
1119 877 1224 923 annos

73 962 174 1045 (nunc
197 962 329 1049 quidem
347 985 382 1028 se
397 963 500 1029 ahter
525 963 651 1028 sentire
672 961 708 1027 in
724 961 871 1028 Gemmis
894 962 1094 1049 profitetur,
1118 983 1149 1026 v.
1170 960 1222 1046 i.):

161 1066 236 1132 Den
258 1067 410 1153 mutigen
433 1067 564 1154 Kampf
592 1067 655 1134 mit
682 1066 757 1132 dem
779 1065 906 1134 waen
937 1065 1071 1132 kbnnen
1094 1065 1158 1132 wir
1182 1102 1224 1112 -

74 1209 116 1219 —-
140 1170 176 1236 in
198 1172 253 1238 die
281 1172 407 1240 alteste
429 1175 547 1239 Kunst
569 1176 653 1239 iiber
676 1174 802 1239 Homer
834 1172 954 1238 hinaus
978 1171 1158 1256 verfolgeu
1180 1208 1223 1218 -

73 1274 166 1342 diese
188 1276 460 1364 Darstelluugen
482 1276 590 1344 haben
613 1279 766 1344 offenbar
788 1277 899 1343 nichts
923 1300 966 1341 zu
988 1279 1051 1342 tun
1072 1276 1137 1341 mit
1159 1275 1224 1342 den

75 1379 338 1447 orientalisohen
361 1382 420 1449 des
441 1382 820 1469 l'dwenbezwingenden
834 1383 984 1465 de0n;
1009 1381 1057 1447 sie
1073 1380 1223 1448 beruhen

74 1484 239 1550 vielmehr
264 1486 325 1552 auf
347 1486 598 1553 Wirklichkeit.

162 1590 443 1676 Furtwaenglero
466 1591 630 1678 imagines
646 1592 865 1678 Mycenarum
886 1595 989 1657 notae
1005 1593 1104 1657 erant
1119 1593 1223 1676 atque

75 1694 125 1759 eis
149 1694 230 1761 solis
253 1695 321 1761 niti
343 1696 469 1774 debuit,
494 1697 553 1763 sed
575 1695 763 1783 pergendo:
796 1696 856 1762 der
878 1696 983 1763 L'dwe
1008 1696 1058 1762 ist
1077 1694 1115 1782 ja
1136 1694 1223 1762 noch

73 1798 141 1864 den
171 1799 403 1867 homerisohen
427 1799 580 1887 Sangam
612 1802 666 1867 ein
690 1815 726 1867 so
754 1805 951 1868 vertrautes
975 1801 1065 1882 rior,
1098 1801 1164 1868 wie
1188 1823 1222 1866 es

74 1903 169 1970 nicht
200 1902 346 1990 mdglich
378 1911 480 1986 ware,
516 1930 613 1972 wenn
645 1907 693 1972 sie
724 1906 783 1972 ihu
813 1929 879 1971 nur
911 1928 978 1971 von
999 1905 1222 1992 Hdrensagen

75 2007 158 2074 oder
191 2032 251 2076 aus
285 2011 344 2076 der
377 2010 638 2078 orientalischen
661 2011 777 2077 Kunst
807 2011 960 2097 gekannt
991 2010 1220 2077 hatten

74 2134 148 2177 rem
181 2115 391 2202 transposuit
424 2116 559 2181 minime
593 2115 741 2182 feliciter
774 2116 818 2181 ad
851 2115 1001 2182 carmina
1032 2115 1220 2181 Homerica.

76 2217 241 2306 Exempla
273 2220 360 2285 enim
382 2220 443 2286 illa
466 2224 610 2286 venatus
633 2220 767 2286 leonum
797 2225 833 2287 et
855 2219 1051 2305 praeclarae
1074 2219 1223 2306 descrip-

74 2322 185 2389 tiones
209 2325 487 2391 consuetudinum
507 2325 624 2406 leonis‚
648 2347 733 2412 quae
758 2324 894 2391 suntin
917 2324 1057 2389 Homeri
1072 2323 1222 2389 carmina

74 2427 217 2508 inserta,
244 2434 399 2515 spectant
415 2431 458 2497 ad
473 2430 600 2512 Asiam,
624 2431 681 2495 ubi
698 2429 837 2497 Graecis
856 2429 910 2495 leo
925 2428 1119 2495 notissimus
1136 2433 1221 2495 erat.

31 2538 42 2562 '·
73 2532 261 2599 Praeterea
285 2557 415 2620 semper
439 2535 487 2601 eis
511 2558 654 2601 conexus
678 2539 714 2601 et
736 2534 965 2601 commercium
989 2557 1063 2599 cum
1086 2532 1220 2620 populis

75 2638 295 2704 orientalibus
320 2646 428 2722 erant,
452 2662 593 2727 quorum
615 2640 751 2726 regibus
766 2640 928 2726 imprimis
952 2639 1059 2706 leonis
1077 2642 1219 2705 venatus

76 2743 170 2808 cordi
193 2750 278 2809 erat.
324 2744 398 2810 Hoc
428 2768 496 2810 non
527 2744 633 2810 solum
664 2745 804 2811 litterae
839 2746 990 2825 narrant,
1024 2743 1083 2809 sed
1116 2743 1220 2809 etiam

75 2841 298 2915 monumentis
314 2848 476 2915 traditur.
521 2850 686 2937 Exempla
702 2849 862 2916 nonnulla
877 2849 967 2914 infra
983 2869 1218 2922 commemora-

75 2953 210 3033 buntur,
239 2953 298 3018 ubi
321 2952 361 3018 de
384 2954 618 3040 redintegrato
641 2954 748 3019 nobili
780 2953 891 3019 studio
925 2953 1079 3018 exeuntis
1104 2952 1221 3039 quarti

74 3055 199 3121 saeculi
222 3060 352 3141 agetur.

161 3160 226 3226 Hic
249 3183 331 3227 vero
354 3160 532 3249 quaeritur
555 3160 596 3226 de
620 3160 774 3242 Graecia,
806 3161 866 3226 nbi
888 3160 971 3228 satis
994 3183 1134 3247 magnus
1157 3185 1217 3226 nu-

80 3288 190 3331 merus
221 3270 512 3332 monumentorum
544 3265 696 3331 heroicae
720 3288 806 3352 quae
829 3266 954 3332 dicitur
988 3267 1113 3332 aetatis
1147 3265 1218 3333 sive

74 3369 181 3436 leonis
213 3371 319 3457 ipsius
349 3375 484 3438 tantum
513 3371 585 3436 sive
617 3375 760 3437 venatus
792 3370 899 3437 leonis
931 3371 1132 3457 imaginibus
1165 3374 1219 3437 est

75 3479 228 3541 ornatus.
277 3475 400 3540 Ultimi
431 3475 472 3541 de
506 3476 567 3541 hac
598 3497 636 3541 re
668 3479 811 3561 egerunt
842 3475 1018 3561 Perrot25)
1049 3479 1085 3541 et
1115 3475 1219 3541 Furt-

74 3579 307 3665 waengler²⁶).
353 3579 480 3647 Perrot
511 3584 625 3646 censet
652 3584 835 3647 commotus
867 3584 904 3646 et
924 3602 1046 3667 magno
1078 3603 1217 3646 numero

75 3688 110 3750 et
144 3706 272 3751 summa
305 3685 540 3773 descriptionis
576 3687 760 3753 vivacitate
789 3686 972 3773 imaginum
1002 3686 1117 3751 leones
1149 3685 1218 3752 illis

74 3790 283 3877 temporibus
314 3791 350 3855 iu
372 3791 603 3878 Peloponneso
636 3791 776 3876 vixisse5
809 3791 930 3858 deinde
962 3814 1019 3857 eos
1046 3791 1218 3877 gradatim

163 4079 209 4145 23)
228 4077 325 4131 Jahrb.
345 4077 370 4131 d.
391 4078 473 4133 Arch.
492 4079 560 4132 Inst.
579 4082 594 4132 2
615 4080 709 4147 (1887)
728 4094 790 4146 pag.
812 4081 869 4133 185.

164 4167 209 4235 24)
229 4168 311 4220 Arch.
329 4167 390 4235 Ztg.
413 4170 480 4221 1883
500 4184 562 4235 pag.
584 4170 642 4222 159.

161 4257 207 4323 25)
227 4255 449 4324 Ferret-Chipim
469 4257 503 4311 H.
523 4255 548 4310 d.
567 4256 639 4310 l’Art
659 4256 734 4309 Tom.
754 4257 801 4324 Vl,
821 4273 882 4324 pag.
903 4259 955 4310 824
965 4273 1004 4323 sq.

162 4345 209 4413 26)
228 4344 355 4400 Gammae
374 4346 450 4401 Tom.
470 4345 518 4414 111,
538 4361 600 4414 pag.
621 4349 663 4400 50.
