2880 4734
713 269 871 354 aa,

150 449 297 534 patrono
329 444 473 515 venandi
503 445 653 514 studioso
684 445 770 513 dono
798 448 994 514 alterantur.
1039 445 1171 514 Deinde
1192 450 1295 536 putat

149 572 244 619 arma
266 552 446 636 uenatoria
469 558 549 639 apte
571 551 680 618 tribui
702 551 816 618 Marso
847 550 963 619 clienti
986 556 1125 619 auctore
1148 552 1294 620 Horatio

147 656 397 745 aKiesslingio
412 656 581 746 explicato
590 656 654 743 ³⁰²).
700 656 817 745 Neque
842 657 995 744 equidem
1018 656 1175 725 existimo
1198 657 1294 725 illum

148 762 300 830 hoasno
324 762 401 830 iura
430 762 629 851 protulisse
672 761 765 828 Num-
781 761 910 830 Paulus
931 784 973 828 ex
995 762 1100 830 Festo
1123 763 1295 850 excerpsit

146 868 295 956 <Ramex
317 871 448 953 (murex
471 868 596 936 Festus
618 871 654 935 et
676 867 820 953 Paulus)
839 891 944 955 genus
975 869 1039 935 teli
1069 868 1177 937 simile
1200 867 1295 958 spari

147 972 362 1061 Gallici>'⁸⁰⁸).
408 974 536 1062 Sparus
567 973 675 1061 igitur
706 973 776 1041 sive
809 996 954 1061 sparum,
987 975 1176 1061 degenere
1207 973 1294 1042 enim

148 1079 355 1149 dissentiunt
380 1079 604 1167 grammatici,
629 1083 707 1147 erat
729 1079 827 1168 parvi
850 1079 984 1166 generis
1008 1079 1153 1147 iaculum
1177 1079 1293 1148 Gallo·

147 1208 232 1270 rum,
255 1209 323 1254 non
342 1186 540 1255 Marsorum.
586 1185 710 1272 Itaque
733 1184 832 1253 valde
856 1185 990 1252 dubium
1015 1188 1069 1253 est
1091 1208 1171 1251 num
1193 1186 1294 1252 rumi-

145 1314 198 1360 ces
223 1295 260 1359 et
281 1291 442 1379 tragulae
465 1290 668 1359 Latinorum
690 1290 858 1359 venabula
879 1291 1020 1359 fuerint.
1065 1291 1229 1360 Fortasse
1252 1314 1295 1358 ex

146 1397 263 1465 Gallia
293 1396 378 1473 haec
407 1396 576 1466 venabula
608 1401 709 1465 erant
741 1397 938 1485 importata.
990 1396 1147 1483 (Nomina
1179 1420 1294 1465 eorum

144 1502 278 1571 minime
300 1503 430 1590 tango.)

230 1608 288 1676 Ad
318 1609 431 1675 Marxi
462 1608 715 1677 adnotationem
751 1612 933 1698 praeterea
962 1610 1034 1677 tria
1067 1613 1146 1678 sunt
1180 1611 1294 1678 obser·

147 1713 269 1784 vanda.
315 1714 468 1782 Primum
490 1714 602 1783 iacula
624 1714 686 1783 illa
708 1713 850 1802 gracilia
873 1719 908 1784 et
930 1715 1022 1784 levia
1040 1722 1149 1798 eraut,
1173 1715 1296 1805 quibus

146 1841 267 1908 aprum
289 1820 433 1908 aggredi
464 1820 689 1909 imprudentis
713 1824 775 1888 est.
821 1820 952 1888 Deinde
975 1820 1034 1888 ille
1056 1827 1201 1888 venator
1223 1819 1293 1888 Ho-

144 1925 299 1994 ratianus
323 1947 343 1993 a
366 1926 498 1994 Marxio
533 1926 694 1994 laudatus
725 1927 798 2014 ipse
830 1950 872 1994 ex
901 1926 1036 1995 Graeca
1064 1925 1208 1994 materie
1238 1926 1293 1993 de·

145 2035 297 2121 sumptus
329 2035 383 2101 est
415 2032 504 2100 siout
531 2033 640 2100 multa
674 2038 709 2114 et
738 2031 808 2099 alia
839 2032 875 2098 in
903 2032 1011 2120 primo
1044 2032 1191 2100 carmine
1212 2030 1294 2098 libri

143 2131 255 2225 primi.
301 2137 471 2205 Marsus
495 2141 609 2206 autem
631 2160 713 2227 aper
736 2138 870 2206 ratione
896 2137 958 2205 illa
980 2142 1062 2206 nota
1084 2136 1217 2224 poetica
1240 2140 1293 2205 est

145 2240 295 2325 additus,
319 2265 418 2331 quam
432 2243 579 2311 Romani
596 2244 807 2332 recipiebant
822 2266 843 2311 a
858 2243 997 2312 Graecis
1014 2243 1123 2331 poetis
1136 2242 1292 2327 novellis,

144 2347 241 2435 quasi
262 2341 528 2417 instrumentum
551 2349 743 2435 artificiale,
768 2373 832 2438 quo
855 2349 995 2418 lectoris
1020 2348 1148 2418 eruditi
1163 2350 1292 2418 animus

143 2475 205 2542 per
235 2453 374 2523 nomina
400 2456 630 2544 geographica
661 2459 699 2525 et
721 2456 877 2526 fabulosa
907 2456 952 2524 ad
980 2456 1196 2544 cogitandum
1218 2456 1293 2524 alli-

145 2562 282 2628 ceretur
294 2559 356 2644 ³⁰⁴).
403 2561 556 2629 Tertium
587 2562 640 2628 illi
663 2562 740 2628 duri
763 2565 943 2630 venatores
966 2561 1092 2630 Italiae
1120 2563 1292 2646 montium,

147 2688 230 2753 quos
255 2665 371 2734 Cicero
403 2671 439 2734 et
461 2666 636 2755 Vergilius
649 2666 702 2752 ³⁰⁵)
735 2667 887 2752 laudant,
919 2667 984 2736 huc
1012 2690 1079 2735 non
1107 2669 1293 2756 pertinent.

150 2769 302 2854 Quorum
325 2771 437 2838 officia
460 2778 557 2840 erant
569 2771 624 2858 303)
647 2772 739 2840 feras
762 2776 902 2862 captare
926 2797 968 2840 ex
984 2772 1080 2842 silvis
1097 2776 1132 2841 et
1148 2774 1292 2842 saltibus

143 2874 290 2962 Apuliae
320 2881 355 2944 et
386 2877 553 2945 Lucaniae
599 2881 661 2944 aut
690 2878 879 2966 Pomptinis
911 2879 1091 2967 paludibus
1121 2879 1164 2947 ad
1195 2879 1292 2946 ludos

146 2981 311 3049 circenses
341 2982 397 3049 vel
429 3005 543 3050 cenam
578 2983 722 3052 divitum
754 2984 810 3051 vel
840 2984 943 3051 alium
975 3008 1080 3069 usum,
1111 2987 1293 3073 praeterea

145 3089 259 3153 autem
290 3086 440 3155 ferasin
471 3089 599 3176 saeptis
628 3090 775 3159 inclusas
812 3112 960 3158 servare.
1007 3091 1177 3175 Quantum
1207 3091 1293 3160 talia

149 3189 282 3261 distant
297 3194 339 3260 ab
355 3192 419 3261 hoo
434 3195 543 3263 Lucili
559 3194 643 3280 loco,
668 3219 732 3284 quo
748 3196 840 3265 levia
855 3196 966 3264 iacula
980 3197 1134 3285 agrestia
1145 3201 1291 3286 patrono

145 3294 272 3366 dantur
295 3298 399 3366 dono!

156 3455 159 3460 ·
232 3420 349 3490 Varro
378 3446 518 3512 quoque,
550 3447 649 3512 quem
681 3448 783 3514 supra
813 3425 1045 3495 adversarium
1075 3427 1155 3495 novi
1188 3424 1293 3495 studii

146 3527 373 3613 cognovimus
406 3531 543 3598 vocibus
574 3532 669 3619 spari
697 3536 732 3599 et
761 3531 919 3618 tragulae
949 3533 984 3597 in
1012 3531 1206 3619 Meleagria,
1241 3533 1293 3599 uti

146 3631 297 3716 videtur,
322 3639 377 3701 est
400 3657 489 3703 usus.
534 3636 576 3702 In
599 3637 802 3724 fragmentis
827 3637 991 3725 scriptum
1013 3637 1156 3725 legimus
1166 3637 1236 3722 ⁸⁰⁷):

363 3764 423 3827 aut
446 3762 516 3844 ille,
541 3785 676 3831 cervum
700 3763 758 3851 qui
781 3763 917 3831 volatili
941 3785 1078 3832 currens

369 3887 471 3954 sparo
495 3871 630 3937 secutus
651 3868 834 3957 tragulave
856 3868 996 3942 traiecit
1018 3920 1025 3935 .
1044 3919 1074 3936 ..

152 4023 357 4035 ——-———

237 4113 302 4181 302)
320 4113 387 4168 Hor.
407 4132 429 4170 c.
450 4117 470 4186 Ι,
492 4121 514 4187 1,
534 4119 577 4173 23.

240 4203 304 4272 303)
324 4202 428 4259 Paulus
448 4222 482 4260 ex
500 4206 584 4262 Festo
603 4224 630 4278 p.
650 4211 710 4278 271,
730 4212 746 4263 2
766 4207 800 4263 cf.
821 4207 938 4266 Nonium
957 4225 1019 4279 pag.
1039 4210 1100 4279 224,
1119 4214 1143 4266 3.

238 4293 303 4361 304)
323 4293 358 4347 cf.
385 4294 484 4351 Kiessl.
512 4297 546 4351 ad
573 4298 638 4352 Hor.
658 4315 681 4352 c.
701 4298 721 4365 l,
751 4303 773 4367 1,
802 4303 842 4355 14.
958 4302 1023 4369 305)
1045 4301 1124 4368 Verg.
1144 4304 1210 4356 Aen.
1231 4298 1293 4372 vll,

147 4379 200 4433 746
214 4378 249 4434 cf.
263 4382 375 4438 scholia.
431 4445 449 4452 Η
482 4388 545 4457 303)
565 4386 746 4442 Friedlander
757 4389 782 4443 S.
794 4389 827 4442 R.
841 4389 912 4458 ll,p.
923 4392 982 4443 350.
1089 4393 1154 4460 307)
1174 4391 1291 4460 lrg293.

1036 4480 1081 4546 5*
