2880 4734
643 220 751 295 ‘41

157 407 285 475 Cervos
303 407 403 475 olim
424 407 461 473 in
476 407 598 474 Attica
614 428 688 473 esse
703 410 820 492 captos
837 409 1075 472 commemorat
1087 403 1301 493 Antiphanes

156 512 297 600 (mediae
320 510 521 597 comoediae)
535 510 587 597 ¹⁷⁹)

329 636 427 718 Παρά
450 633 487 700 δὲ
510 632 681 719 ἡμετέροις
704 637 923 718 προγόνοισιν
947 633 1046 710 ὅλους

327 746 411 822 βοῦς
433 743 551 806 ὤπτων
574 739 628 828 (ej
651 740 799 824 Jacobs),
822 736 873 822 ὗς,
895 739 1051 823 ἐλάφους,
1075 739 1187 820 άρνας.

241 864 330 952 Ipsis
363 867 478 931 autem
509 861 579 929 iliis
610 863 725 930 verbis
758 862 955 929 continetur
986 884 1042 928 res
1066 861 1199 928 interea
1221 882 1296 927 esse

152 972 313 1037 mutatos.
358 969 503 1036 Praeter
526 969 585 1036 hos
608 968 699 1036 looos
734 969 857 1055 ubique
888 967 980 1035 solus
1012 967 1109 1055 lepus
1135 965 1298 1033 laudatur

151 1096 261 1162 neque
293 1072 422 1161 praedo
452 1079 662 1156 venatorum,
694 1073 753 1141 sed
783 1073 875 1140 cibus
910 1071 1156 1140 dilectissimus.
1208 1070 1297 1153 Quin

152 1179 256 1247 etiam
285 1202 348 1266 pro
378 1178 415 1244 ἐν
446 1188 548 1245 πᾶσιν
575 1178 717 1262 ἀγαθοῖς
746 1177 812 1245 (1ίοί
841 1182 959 1266 potest
981 1177 1018 1243 ἐν
1047 1186 1128 1243 πᾶσι
1155 1175 1298 1265 λαγῴοις

150 1283 194 1350 ad
218 1286 352 1352 beatam
374 1284 465 1351 vitoe
489 1283 715 1351 condicionem
738 1282 990 1371 significandam
1013 1282 1068 1370 (of.
1083 1282 1187 1369 Vesp.
1208 1280 1294 1366 709).

148 1388 292 1477 Leporis
316 1411 395 1456 caro
418 1389 454 1454 in
477 1411 558 1456 cena
582 1410 742 1455 summam
765 1387 936 1454 luxuriam
956 1385 1169 1470 indioot¹⁸⁰):

216 1511 375 1595 ἀφέλκετε
397 1513 437 1579 τά
460 1518 572 1595 λαγῴα
594 1512 726 1597 ταχέως,
750 1497 830 1589 τοὺς
852 1513 1039 1595 στεφάνους
1061 1511 1217 1593 ἀνείρετε.

213 1653 312 1740 κάμοὶ
336 1655 491 1720 λεκάνιον
513 1664 580 1718 τῶν
603 1651 743 1741 λαγῴων
766 1654 825 1729 δὸς
846 1663 963 1735 κρεῶν.

214 1799 326 1882 λαγῴα
348 1795 485 1877 τέτταρα

213 1932 282 1999 ἀλλ’
308 1931 334 1999 ὦ
357 1936 422 2019 πρὸ
445 1945 505 2001 τοῦ
527 1947 706 2012 πεινῶντες
729 1934 935 2020 ἐμβάλλεσθε
957 1947 1025 2001 τῶν
1048 1933 1197 2023 λαγῴων.

234 2074 398 2163 Leporem
427 2076 511 2143 satis
544 2099 661 2142 rarum
692 2077 800 2144 fuisse
830 2101 899 2144 non
932 2077 1040 2145 solum
1066 2100 1108 2145 ex
1131 2077 1293 2164 Equitum

145 2202 248 2248 versu
262 2179 312 2262 181)

321 2302 393 2369 ἀλλ’
417 2303 458 2369 οὐ
481 2305 581 2392 λαγῷ’
605 2305 688 2384 ἔξεις
711 2306 840 2373 ὁπόθεν
863 2308 938 2393 δῴς,
963 2306 1030 2371 ἀλλ’
1056 2305 1120 2388 ἐγώ

146 2430 311 2515 apparet,
351 2426 409 2493 sed
442 2427 545 2495 etiam
576 2432 696 2514 postea
730 2431 920 2495 affirmatur
952 2428 1168 2496 Nousioretis
1200 2428 1291 2516 frag·

145 2535 259 2598 mento
272 2530 325 2617 182)

321 2654 358 2721 ἐν
380 2660 419 2742 τῇ
440 2658 510 2740 γάρ·
523 2657 648 2743 Ἀττικῇ
670 2661 720 2733 τίς
743 2651 811 2721 εἶδε
834 2658 966 2722 πώποτε

320 2759 456 2838 λέοντας
477 2761 497 2845 ἢ
521 2772 676 2828 τοιοῦτον
700 2760 814 2845 ἕτερον
835 2765 978 2845 &norom

319 2862 360 2932 οὗ
383 2865 544 2931 δασύποδ’
570 2867 683 2947 εὑρεῖν
706 2870 797 2932 ἔστιν
821 2866 895 2951 οὐχὶ
918 2865 1046 2952 ῥᾴδιον.

233 3004 331 3088 Quod
368 3011 488 3073 contro
525 3007 721 3073 Athenaeus
760 3009 865 3074 affert
909 3009 964 3085 ιὠς
1001 3014 1135 3074 πολλῶν
1172 3009 1288 3074 ὄντων’

143 3108 264 3176 Alcaei
287 3110 515 3198 fragmentum
537 3111 622 3177 nihil
645 3110 757 3178 valet:

317 3237 498 3316 κορίαννον
521 3236 577 3299 ἵνα
600 3238 634 3300 τί
654 3238 794 3318 λεπτόν;
820 3240 857 3300 Β.
881 3237 936 3300 ἵνα
958 3239 1037 3312 τοὺς
1056 3237 1253 3312 Ῠδασύποδας

316 3339 376 3415 οὓς
399 3337 440 3403 tv
463 3340 616 3423 λάβωμεν
639 3330 715 3404 ἁλσὶ
739 3342 930 3406 διαπάττειν
955 3344 1040 3425 ἔχῃς.

142 3481 219 3527 nam
241 3460 301 3538 οὓς
323 3460 365 3526 ἂν
387 3462 580 3549 paucissimi
603 3485 675 3529 esse
699 3467 850 3549 possunt.
896 3463 970 3544 Quo
1002 3464 1217 3547 factumest,
1247 3469 1289 3532 ut

143 3586 186 3630 ex
218 3564 369 3632 finitimis
405 3567 598 3652 regionibus
634 3567 767 3655 lepores
802 3568 872 3634 sint
906 3568 1095 3655 importati,
1134 3592 1161 3636 e.
1185 3593 1218 3656 g.
1247 3593 1288 3636 ex

142 3668 285 3756 Megara
297 3669 350 3756 183)

234 3955 298 4022 179)
317 3954 399 4008 Mein.
420 3954 450 4009 F.
462 3956 489 4009 C.
501 3956 531 4009 G.
552 3960 576 4023 3,
596 3960 632 4012 94
651 3960 697 4025 (=
718 3958 817 4011 Athen.
837 3959 884 4025 IV,
906 3962 957 4012 130
976 3962 1010 4027 e).

234 4044 297 4110 180)
315 4044 456 4112 Aristoph.
476 4046 542 4098 Ach.
566 4049 641 4099 1006.
664 4051 741 4100 1075.
762 4047 824 4101 Pac.
848 4051 923 4101 1150.
947 4052 1023 4102 1314.

236 4133 297 4201 181)
317 4133 386 4201 Equ.
412 4137 487 4188 1192.

232 4224 296 4291 182)
315 4221 397 4276 Mein.
419 4223 448 4276 F.
462 4223 489 4277 C.
501 4223 531 4278 G.
553 4228 578 4289 4,
597 4228 649 4279 578
669 4227 713 4295 (=
735 4228 833 4281 Athen.
852 4228 900 4295 IX,
920 4230 972 4281 399
992 4232 1026 4296 e).

232 4313 295 4380 183)
313 4312 381 4366 Ach.
401 4316 461 4367 518.
