2880 4734
764 215 806 280 28

360 387 587 470 θηρεύσοντες
609 387 650 453 οὐ
674 392 884 471 θηρασίμους
906 389 1033 473 γάμους
1092 449 1104 475 ,

209 488 299 577 apud
322 488 519 577 Sophoclem
532 489 583 576 124)

365 598 547 679 τυραννίδα
569 603 682 680 θηρᾶν

363 706 476 783 θηρᾶν
499 699 540 767 οὐ
563 701 681 785 πρέπει
704 703 874 788 τάμήχανα

363 808 489 889 πολλῆς
512 805 627 882 ἀνοίας
649 805 704 871 καὶ
727 809 765 872 τὸ
787 815 961 892 θηρᾶσθαι
983 811 1074 874 κενά.

211 907 302 996 apud
323 908 582 996 Euripidem¹²⁵)

365 1016 423 1091 τὰς
445 1015 524 1099 ἐμὰς
547 1016 740 1101 ἀναρπαγὰς
761 1018 853 1103 θηρᾷ

365 1126 457 1205 &ose
478 1132 598 1205 καμεῖν
620 1145 660 1205 με

365 1225 383 1290 ὁ
405 1227 564 1310 θηρεύων
586 1227 713 1309 γάμους

364 1328 447 1413 μέγα
470 1354 504 1395 τι
522 1333 684 1415 θηρεύειν
706 1331 829 1415 ἀρετάν

364 1441 496 1518 θηρῶσι
519 1432 657 1516 λέκτρον
682 1435 808 1520 τούμόν

366 1545 485 1623 θηρῶν
509 1539 527 1605 ὃ
551 1541 673 1617 πάντες
695 1542 778 1607 κούκ
801 1540 864 1623 ἐγὼ
888 1547 970 1625 ζητῶ
993 1543 1098 1625 μόνος

365 1680 401 1744 oi
420 1681 483 1763 γὰρ
508 1681 640 1763 Κύπριν
664 1683 846 1765 φεύγοντες
869 1681 1062 1762 ἀνθρώπων
1084 1682 1170 1764 ἀγαν

364 1783 498 1851 νοσοῦσ
523 1785 646 1868 ὁμοίως
667 1798 737 1863 τοις
759 1788 843 1870 ἀγαν
864 1785 1077 1871 θηρωμένοις
1100 1834 1204 1852 .....

367 1933 408 1998 οὐ
431 1935 494 2016 γὰρ
517 1933 583 1998 καί
609 1933 782 2018 εὐσέβειαν
806 1935 843 1998 αί
861 1941 999 2017 θνητῶν
1024 1935 1119 2020 τύχαι

367 2025 573 2104 τολμήμασιν
596 2020 633 2086 δέ
656 2020 710 2086 καὶ
733 2033 840 2105 χερῶν
862 2021 1065 2104 ὑπερβολαῖς

367 2106 563 2174 ἁλίσκονταί
583 2131 616 2173 τε
641 2109 749 2173 πάντοι
770 2106 825 2172 καὶ
847 2112 1052 2193 θηρεύονται
1077 2157 1158 2174 ....

302 2211 429 2279 Vocem
444 2217 626 2298 ’θηρευτής
656 2212 903 2298 significatione
933 2211 1000 2278 viri
1030 2212 1088 2299 qui
1112 2213 1247 2300 quaerit
1270 2218 1364 2303 petit

214 2317 419 2405 concupiscit
441 2317 507 2385 iam
531 2318 670 2384 elatiori
701 2317 847 2384 sermoni
880 2340 952 2384 esse
985 2317 1200 2384 tribuendam
1221 2317 1364 2388 Aristo·

214 2423 405 2512 phanes¹²⁶)
428 2422 603 2490 Socratem
624 2424 795 2509 θηρευτάν
826 2426 936 2506 λόγων
959 2423 1178 2505 φιλομούσων
1209 2422 1362 2492 irridens

215 2528 374 2595 ostendit.
431 2528 559 2594 Eadem
595 2528 729 2595 ratione
767 2531 821 2594 est
859 2527 900 2593 de
936 2526 989 2592 his
1028 2526 1110 2594 locis
1131 2526 1364 2604 iudicandum

215 2632 380 2718 Aeschyli
392 2632 445 2718 12λ)
468 2639 530 2699 aut
553 2656 628 2699 cum
659 2633 741 2700 dicit
764 2632 805 2699 de
829 2635 945 2700 oestro
968 2632 1086 2698 ionem
1116 2634 1362 2721 propulsante:

365 2750 541 2822 κυναγετεῖ
562 2762 596 2803 τε
620 2737 731 2823 πλανηῖ
754 2762 788 2803 τε

214 2850 275 2911 aut
308 2865 382 2910 cum
414 2842 562 2912 Graecos
591 2843 755 2909 Helenam
789 2843 1003 2931 insequentes
1034 2864 1108 2909 oum
1139 2841 1364 2923 venatoribus

214 2953 405 3036 comparat:

366 3056 576 3138 πολύανδροί
596 3077 630 3119 τε
654 3055 858 3138 φεράσπιδες
880 3051 1020 3136 κυναγοὶ

366 3159 432 3225 καί
460 3165 552 3245 ίχνος
574 3164 701 3224 πλατᾶν
722 3148 876 3244 Ιἀφαντον

369 3265 545 3338 κε’λσαντες
568 3266 762 3346 Σιμόεντος.

217 3367 387 3456 {Euripidi
418 3390 549 3456 quoque
582 3366 646 3433 hae
676 3368 711 3432 in
743 3366 914 3434 occasione
946 3366 1093 3436 fortasse
1123 3367 1235 3454 imago
1259 3389 1363 3435 vena-

216 3473 319 3540 tionis
352 3473 387 3538 in
418 3473 564 3538 animum
595 3473 699 3539 venit.
746 3469 833 3538 Nam
856 3471 1019 3538 Helenam
1041 3471 1082 3540 de
1105 3473 1259 3540 Menelao
1281 3495 1363 3540 nar-

214 3580 349 3643 rantem
371 3577 455 3644 feeit
468 3575 520 3661 128)

370 3735 477 3751 .....
501 3686 519 3752 ὁ
543 3685 695 3762 δ’ἀθλιος
718 3690 815 3763 πόσις

368 3790 541 3875 στράτευμ’
566 3791 730 3873 ἀθροίσας
752 3791 810 3867 τὰς
835 3791 914 3874 έμάς
936 3790 1128 3875 ἀναρπαγὰς

367 3902 459 3982 θηρᾷ
483 3894 664 3981 πορευθεὶς
684 3895 785 3963 Ἰλίου
807 3894 1033 3982 πυργώματα]

306 4040 367 4105 124)
388 4037 470 4104 Soph.
490 4035 521 4089 Ο.
532 4036 564 4089 R.
585 4038 646 4090 542.
683 4037 747 4088 Ant.
769 4038 812 4090 92.
850 4035 893 4088 El.
915 4038 993 4091 1054.

303 4130 366 4197 125)
387 4128 454 4181 Eur.
481 4126 608 4180 Hel.·51.
628 4127 671 4180 62.
691 4129 751 4179 314.
789 4125 850 4194 Iph.
868 4125 931 4179 Aul.
951 4128 1012 4180 568.
1038 4129 1099 4182 959.
1137 4125 1181 4179 Or.
1209 4129 1269 4181 679.
1306 4126 1361 4198 frg.

211 4221 273 4273 431.
308 4217 361 4286 frg.
381 4221 442 4272 437.
569 4218 632 4284 126)
651 4218 698 4270 Ar.
713 4215 787 4269 Nub.
808 4219 868 4270 258.
987 4217 1051 4286 127)
1071 4216 1168 4272 Aesch.
1187 4215 1277 4272 Prom.
1297 4220 1360 4275 572.

211 4311 262 4376 Ag.
282 4308 335 4362 694
344 4323 384 4374 sq.
495 4307 557 4376 128)
576 4305 643 4360 Eur.
664 4305 724 4359 Hel.
744 4308 779 4359 49
799 4303 832 4360 cf.
852 4304 975 4359 Troades
995 4308 1055 4360 369.
