2880 4734
692 250 748 314 39χ

138 428 358 509 debebantur,
391 425 590 503 abundaret,
622 425 771 492 adfines
803 445 879 490 suos
901 445 969 490 nou
1001 423 1155 490 sufficere
1178 417 1284 490 credi·

139 531 249 599 disse'.
295 531 429 598 Herzer
452 530 561 617 igitur
585 532 718 596 tractat
740 529 918 596 materiam
940 527 1009 594 alia
1031 527 1174 608 ratione,
1199 549 1286 594 com-

139 637 248 722 ponit
267 636 382 704 modos
416 635 537 723 quibus
570 635 744 702 calamitas
777 633 897 722 quibus
931 633 1030 701 dolor
1053 635 1116 700 etc.
1143 632 1286 720 exprimi

138 742 257 832 possit.
303 741 513 829 Quamquam
535 740 643 807 multo
666 739 793 807 rectius
816 762 889 806 rem
917 761 1020 826 agere
1043 738 1123 805 mihi
1148 738 1286 805 videtur

140 871 240 936 quam
270 849 328 936 qui
353 848 624 935 praecesserunt,
655 849 770 912 tamen
801 844 963 913 nonnulla
993 844 1142 934 reliquit.
1187 845 1227 911 Ε.
1251 867 1285 930 g.

140 954 272 1021 distant
294 955 412 1040 aperte
443 974 501 1018 eae
523 949 752 1037 metaphorae,
786 973 871 1038 quac
905 973 979 1017 oum
1010 955 1212 1038 argumento
1235 950 1287 1016 fa-

139 1059 238 1126 bulae
262 1080 407 1126 conexae
421 1060 510 1139 sunt,
534 1058 576 1122 ab
601 1056 648 1122 eis
664 1077 748 1143 quac
765 1078 805 1123 ex
821 1056 931 1122 animo
946 1060 1069 1142 po'e'tae
1088 1055 1286 1123 vivacitatis

140 1173 277 1235 tantum
306 1166 422 1254 gratia
452 1165 590 1232 additae
621 1169 710 1232 sunt.
763 1164 894 1231 Deinde
922 1164 1011 1232 aliae
1042 1165 1287 1232 translationes

140 1296 179 1340 re
202 1295 285 1339 vera
307 1272 349 1338 de
373 1272 447 1338 vita
469 1270 641 1338 cotidiana
670 1271 793 1337 iterum
814 1269 1006 1358 iterumque
1033 1268 1287 1357 depromuntur,

141 1377 229 1445 aliae
252 1376 426 1444 artificiali
449 1376 583 1443 ratione
616 1375 784 1442 formatae
811 1397 918 1463 ,super
939 1379 1052 1442 certos
1074 1375 1158 1442 fines
1181 1395 1288 1462 paene

141 1483 370 1549 abusitentur.
417 1481 573 1547 Tertium
593 1481 841 1548 translationes
864 1504 931 1548 non
943 1480 1052 1548 minus
1069 1480 1171 1568 epicis
1187 1501 1289 1568 quam

141 1587 263 1674 lyricis
287 1587 489 1654 carminibus
513 1588 687 1668 debentur,
712 1587 808 1652 velut
822 1609 849 1652 e.
866 1609 898 1672 g.
911 1586 979 1653 iam
1001 1584 1092 1674 apud
1106 1585 1288 1652 Homerum

141 1693 285 1782 legimus
309 1692 362 1779 (ll.
386 1692 434 1774 II,
459 1693 531 1757 111.
556 1692 618 1774 IX,
645 1690 708 1776 18.)

319 1817 405 1893 Ζεύς
426 1839 465 1899 με
488 1814 572 1898 μέγα
596 1816 764 1898 Κρονίδης
786 1816 846 1900 ἄτῃ
870 1813 1006 1899 ἐνέδησε
1029 1817 1156 1900 βαρείῃ.

231 1939 326 2022 Quae
348 1940 458 2026 imago
483 1938 644 2004 sermonis
668 1936 882 2004 fertilissima
897 1937 987 2024 apud
1002 1942 1120 2024 politas
1136 1936 1288 2023 tragicos
1401 1978 1403 1982 -

143 2045 240 2112 ultra
270 2049 370 2111 aucta
403 2048 466 2110 est.
512 2042 635 2110 Sensus
660 2047 696 2110 et
727 2044 822 2111 notio
857 2042 1025 2109 vinciendi
1059 2042 1310 2128 affigebantur*

144 2149 338 2218 notionibus
377 2148 582 2217 calamitatis
622 2155 658 2217 et
694 2149 824 2216 mortis.
881 2149 999 2229 Voces,
1040 2147 1158 2235 quibus
1197 2152 1288 2232 trag.

143 2262 247 2344 po'e'ta
268 2255 332 2322 hoc
354 2253 493 2321 consilio
518 2256 637 2337 utitur,
661 2277 760 2341 quam
783 2255 926 2321 maxime
949 2254 1063 2320 variae
1085 2256 1175 2318 sunt.
1212 2251 1289 2319 Duo

144 2359 297 2448 exempla
321 2358 501 2426 sufficiant.

204 2481 238 2551 S.
263 2483 382 2569 Antig.
504 2488 647 2568 λοχῶσιν
663 2482 777 2548 ’Ἅιδου
790 2467 853 2569 'aul
875 2489 969 2546 θεῶν
988 2480 1138 2563 Ἐρινύες

155 2666 158 2667 7
238 2587 323 2654 1075
504 2586 541 2652 ἐν
556 2599 666 2653 τοῖσιν
681 2587 795 2666 αὐτοῖς
809 2589 921 2653 τοῖσδε
945 2591 1290 2672 ληφθῆναικακοῑς.

252 2693 289 2760 0.
314 2693 349 2760 C.
376 2693 459 2758 1722
504 2705 616 2758 κακῶν
639 2694 702 2777 γὰρ
726 2679 957 2769 δυσάλωτος
979 2692 1100 2769 οὐδείς.

232 2815 286 2881 Ex
307 2815 370 2883 hac
394 2815 561 2882 vinciendi
583 2813 728 2882 notione
742 2815 932 2883 absolvitur
954 2816 1042 2883 alius
1067 2839 1184 2882 sensus
1207 2822 1291 2883 tem-

147 2943 227 3007 pore
256 2920 360 3008 prior.
407 2920 566 2987 Tenendo
602 2920 689 2987 enim
720 2922 892 2989 antecedit
927 2922 1016 2989 actio
1049 2921 1202 3009 capiendi
1235 2921 1292 2988 vel

147 3024 306 3113 captandi
328 3026 392 3108 vel,
416 3029 456 3091 ut
480 3026 524 3092 ad
546 3026 645 3091 finem
660 3027 865 3114 perveniam,
890 3026 1044 3094 venandi.
1089 3027 1292 3115 Priusquam

147 3131 237 3198 mala
258 3131 398 3197 fortuna
419 3130 569 3197 homines
602 3131 739 3198 funibus
763 3136 799 3198 et
821 3132 951 3219 laqueis
974 3136 1080 3211 tenet,
1110 3131 1212 3218 pellit
1235 3153 1292 3197 eos

77 3223 79 3228 ¹
147 3235 183 3300 in
198 3235 366 3303 machinas
383 3237 467 3303 bene
481 3259 585 3303 nexas
602 3237 648 3322 (ἐς
662 3240 815 3322 μηχανὴν
831 3238 987 3323 πλέκειν).
1030 3237 1155 3304 Utrum
1171 3239 1293 3323 potitae

147 3341 258 3428 imago
281 3341 432 3429 piscatus
460 3338 593 3428 (Trach.
621 3344 714 3408 1051.
768 3343 930 3423 Ἐρινύων
953 3344 1104 3427 ὑφαντὸν
1128 3341 1293 3426 ἀμφίβλη-

149 3445 264 3532 στρον)
275 3466 319 3512 an
330 3446 397 3513 alia
413 3455 492 3514 ante
510 3447 622 3514 oculos
639 3452 803 3529 versetur,
816 3446 902 3512 nihil
914 3447 1040 3513 differt.
1064 3446 1293 3513 Inveniuntur

148 3554 326 3638 praeterea
349 3554 452 3634 ἄρκυς
475 3539 615 3618 δίκτυον
634 3553 823 3636 ἀγρεύματα
855 3552 951 3632 ἕρκος
973 3556 1095 3638 βρόχος
1116 3551 1292 3636 βόλοςῑῗό).

236 3655 458 3723 Observanda
491 3680 622 3744 semper
655 3662 709 3724 est
740 3657 914 3724 coercendi
936 3657 1034 3723 aetio.
1081 3657 1203 3723 Nescio
1227 3677 1294 3743 qua

149 3760 190 3826 de
224 3782 333 3840 causa,
367 3761 439 3828 sive
473 3762 663 3829 coniunctio
698 3767 752 3828 tot
786 3767 944 3849 aptarum
981 3762 1164 3849 imaginum
1198 3747 1294 3827 velut

240 3993 302 4060 175)
322 3990 355 4044 E.
370 4007 394 4058 g.
413 3987 493 4056 ἕρκος
512 3991 539 4043 in
553 3989 652 4044 Medea
664 3992 740 4058 (985)
760 3989 895 4058 significat
914 3991 1105 4044 vestimentum
1123 3993 1294 4042 venenatum.

150 4079 181 4133 ln
200 4078 297 4134 Oreste
316 4081 410 4150 (1315)
430 4079 531 4147 gaudet
550 4080 677 4133 Electra:
705 4082 802 4149 στείχει
821 4079 874 4149 γὰρ
904 4077 1070 4133 odoraretur
1091 4077 1212 4130 δικτύων
1232 4075 1295 4148 βρό-

149 4187 223 4238 χους.
252 4169 339 4224 καλὸν
357 4169 389 4223 τὸ
409 4167 524 4238 θήραμ’,
555 4166 589 4236 ἣν
617 4168 682 4242 ἁλῷ,
712 4168 868 4238 γενήσεται.
906 4171 995 4224 Multa
1022 4177 1049 4223 et
1068 4168 1123 4221 alia
1150 4168 1295 4235 praeclara

150 4259 275 4327 exempla
294 4257 374 4313 affert
393 4258 572 4328 Magdeburg,
600 4260 691 4314 Ueber
710 4259 754 4312 die
778 4259 869 4313 Bilder
887 4259 943 4312 uud
962 4258 1132 4312 Gleicbuisse
1152 4257 1195 4310 bei
1215 4257 1295 4310 Euri·

149 4347 237 4418 pides,
256 4349 362 4418 Danzig
382 4352 461 4405 1882.
