2880 4734
697 234 791 299 55·

146 409 275 478 multae
297 409 435 477 fabulae
455 412 644 476 narrentur
667 430 751 495 ques
773 407 906 474 referre
933 406 996 474 hoo
1024 405 1099 474 loco
1129 405 1227 472 nihiI
1244 405 1292 472 in·

146 515 331 601 terest²⁴⁰).
371 514 639 586 commemorare
662 513 764 581 velim
785 512 977 580 Alexandri
998 512 1112 579 leones
1135 511 1292 578 venantis

147 620 362 686 simulacrum
384 642 405 687 a
426 618 581 706 Lysippo
605 628 640 685 et
662 617 833 684 Leochare
855 638 935 684 aere
958 639 1032 683 esse
1054 617 1178 683 fictum.
1216 615 1293 682 Ali-

146 725 306 812 qnamdin
326 724 395 792 ,viri
417 724 509 791 docti
542 723 646 791 etiam
676 721 922 810 sarcophagum
953 721 1067 809 magni
1096 722 1187 808 regis
1218 743 1292 788 esse

148 827 272 896 Sidone
288 833 461 918 repertum
475 829 565 896 falso
581 827 822 916 putabant241).
854 827 943 893 Nam
958 826 994 892 in
1008 826 1120 894 altera
1131 829 1232 915 parte
1241 826 1292 892 in-

147 934 291 1022 spicitur
311 956 434 1021 pugna,
457 933 493 999 in
515 934 626 1001 altera
643 934 751 1000 leonis
767 932 915 1000 venatio.
953 928 1103 998 Ultimus
1118 930 1291 998 haedere

117 1109 120 1112 .
147 1039 220 1124 egit
243 1038 460 1119 Studniczka
485 1040 543 1127 qui
566 1039 808 1126 sarcophagum
831 1037 1067 1124 Abdalonymo
1089 1037 1216 1104 tribuit
1226 1035 1291 1123 242).

146 1144 346 1232 Exemplum
361 1143 552 1211 Alexandri
573 1144 796 1211 imitabantur
818 1143 877 1230 qui
899 1165 971 1210 cum
995 1164 1033 1208 eo
1060 1145 1160 1209 erant
1183 1141 1292 1230 etqui

147 1249 296 1337 vestigia
318 1249 390 1316 eius
414 1248 684 1336 premebant²⁴³).

393 1568 437 1635 uo
459 1570 570 1635 aetate
593 1583 673 1651 oeae
697 1567 810 1635 dieitur
832 1524 1043 1642 bollouiatlea.
1089 1590 1090 1594 ¹

163 1689 166 1694 ’
232 1688 452 1757 Pervenimus
477 1690 520 1756 ad
543 1711 618 1756 eam*
638 1692 797 1771 aetatem,
821 1711 919 1776 quam
941 1710 1030 1755 nuno
1043 1687 1290 1756 hellenistioam

145 1785 320 1861 nominare
344 1793 496 1861 solemus.
534 1795 587 1860 De
609 1793 741 1879 magnis
765 1794 1079 1881 permutationibus,
1103 1815 1185 1880 quas
1207 1793 1291 1860 haec

146 1922 235 1982 nova
265 1903 360 1968 aetas
392 1923 502 1967 secum
536 1899 642 1982 duxit,
674 1902 730 1966 tot
760 1903 796 1966 et
824 1903 924 1966 tanta
952 1921 973 1967 a
1003 1900 1087 1967 viris
1117 1898 1226 1965 doctis
1236 1897 1290 1983 244)

148 2005 277 2092 scripta
299 2011 387 2087 sunt,
416 2008 457 2071 ut
478 2004 560 2070 mihi
581 2003 644 2070 hoo
665 2005 738 2070 Ioco
763 2025 802 2070 ea
825 2007 969 2084 tantum,
1002 2026 1088 2092 quae
1110 2004 1290 2092 praecipue

147 2108 190 2176 ad
222 2110 416 2197 opusculum
449 2132 556 2175 meum
586 2109 793 2196 pertineant,
825 2108 957 2176 referre
994 2132 1076 2196 opus
1112 2110 1174 2192 sit;
1210 2110 1290 2197 quin

146 2214 250 2282 etiam
266 2214 463 2281 monendum
475 2218 538 2297 est,
553 2237 597 2280 ne
613 2214 761 2301 opinioni
775 2218 1014 2302 praesumptae
1028 2215 1135 2300 magis
1148 2214 1290 2281 cedatur

145 2341 244 2407 quam
268 2322 368 2386 rebus
390 2313 531 2386 traditis
554 2319 646 2386 Iioet.
692 2320 815 2406 Itaque
845 2318 984 2406 Helbigi
1013 2329 1047 2386 et
1071 2319 1291 2386 Woermanni

146 2425 337 2492 sententiae
369 2424 499 2513 aliquid
529 2424 795 2511 restringantur.
842 2423 946 2499 Certo
978 2424 1053 2492 vita
1082 2424 1289 2492 Graecorum

145 2534 226 2596 ante
247 2529 284 2596 id
306 2533 439 2617 tempus
462 2530 580 2597 melius
604 2529 769 2617 adaptata
792 2533 867 2595 erat
889 2529 932 2595 ad
947 2533 1116 2613 naturam,
1141 2551 1240 2617 quem
1254 2530 1290 2596 in

145 2632 285 2700 urbibus
307 2633 437 2721 magnis
461 2634 577 2722 quarti
596 2634 721 2701 saeculi
735 2633 810 2700 fieri
825 2637 974 2720 poterat,
998 2635 1200 2722 praesertim
1216 2657 1290 2702 cum

115 2805 119 2808 ,
145 2742 248 2806 antea
270 2738 400 2806 incolae
422 2741 457 2805 in
480 2739 571 2826 angs
602 2740 671 2805 suis
699 2738 857 2806 habItare
887 2762 995 2827 neque
1025 2742 1157 2828 saepius
1190 2730 1288 2822 urbes

144 2843 364 2932 frequentare
395 2843 545 2911 solerent
574 2866 673 2930 quam
703 2845 823 2912 officiis
852 2844 1006 2912 civilibus
1037 2846 1287 2932 postulabatur.

144 2948 294 3016 Urbibus
311 2944 444 3036 quidem
458 2948 551 3036 ipsis,
575 2971 660 3036 quae
675 2954 818 3036 propter
834 2949 1022 3016 obsidiones
1036 2950 1142 3016 muris
1159 2950 1289 3017 cinctae

93 3080 98 3087 ·
144 3040 443 3138 erant‚angustae
465 3056 599 3120 tantum
622 3053 697 3120 viae
721 3059 829 3136 erant,
852 3054 903 3120 ita
924 3057 965 3120 ut
989 3053 1141 3121 (limones
1165 3053 1288 3141 aliique

145 3158 263 3247 quinto
287 3158 419 3225 saeculo
437 3181 464 3225 e.
481 3181 513 3244 g.
529 3158 676 3225 Athenis
692 3158 803 3225 hortis
819 3158 949 3245 viisque
964 3159 1143 3226 arboribus
1161 3159 1287 3246 saeptis

143 3267 303 3330 naturam
340 3263 480 3331 reficere
518 3263 730 3331 studerent.¹
762 3261 828 3330 Sed
865 3263 972 3330 multo
1010 3263 1136 3330 maiore
1174 3262 1287 3330 studio

87 3375 89 3379 ’
144 3367 294 3435 homines
317 3377 461 3435 exeunte
477 3371 600 3455 quarto
618 3371 655 3434 et
670 3369 776 3434 tertio
792 3369 924 3435 saeculo
939 3371 1098 3434 naturam
1114 3371 1287 3454 petebant.

235 3605 298 3672 240)
318 3602 353 3656 cf.
374 3603 536 3657 Strabonem
550 3603 608 3670 XV,
622 3606 675 3657 700
687 3606 715 3672 (7
717 3605 763 3672 03)
777 3602 883 3656 Aelian.
898 3601 923 3655 d.
939 3607 993 3655 nat.
1008 3617 1050 3655 an.
1065 3602 1110 3669 IV,
1123 3605 1163 3656 19.
1177 3603 1250 3671 VIII,
1264 3607 1285 3657 l.

145 3691 215 3746 I'lin.
234 3692 308 3759 VIII,
320 3696 362 3747 40.
383 3691 431 3763 [cf.
451 3708 513 3761 pag.
534 3693 599 3745 531.
619 3696 654 3746 26
665 3693 717 3762 sq.]

233 3784 298 3848 241)
317 3781 422 3853 Hamdy
441 3782 498 3850 Bey
525 3788 552 3835 et
572 3781 699 3835 'Iheodor
725 3782 855 3836 Reiuach.
891 3782 950 3836 Une
975 3781 1121 3849 necropola
1147 3781 1287 3850 Royalea

143 3869 236 3938 Sidon,
256 3871 334 3925 Paris
356 3875 431 3926 1892.
877 3905 879 3908 -

236 3962 300 4028 242)
319 3959 414 4014 Studn.
435 3978 461 4029 p.
482 3964 515 4013 34
524 3976 583 4028 sqq.
604 3961 732 4028 invenIes,
759 3961 804 4028 qui
830 3959 904 4013 docti
928 3960 980 4013 viri
1005 3959 1094 4013 adhuc
1121 3958 1154 4013 de
1180 3960 1231 4013 hac
1256 3975 1287 4014 re

144 4050 295 4103 sententias
313 4051 487 4118 protulerint.
593 4054 655 4118 243)
674 4051 705 4105 G.
726 4051 833 4118 Heloig,
853 4056 957 4118 quaest.
977 4051 1133 4118 PompeIan.
1153 4067 1177 4102 v.
1190 4049 1208 4102 i.

234 4140 298 4208 244)
317 4139 430 4208 Helbig:
454 4141 698 4209 Untersuchungen
717 4140 786 4194 iiber
805 4139 848 4193 die
867 4140 1056 4209 campanische
1075 4137 1287 4205 Wandmalerei‚

144 4229 292 4297 praecipue
303 4214 528 4298 pag.274—278.
560 4231 739 4284 Woermann:
760 4219 834 4284 [lber
852 4229 904 4283 den
923 4229 1168 4284 landschaftlichen
1187 4228 1288 4282 Natur-

141 4317 206 4372 sInn
220 4315 270 4372 der
279 4317 418 4372 *Griechen
430 4319 487 4372 und
499 4320 624 4374 Roemer.
654 4319 851 4373 Wilamowitz=
872 4319 973 4373 Kultur
985 4317 1034 4372 der
1047 4317 1210 4385 Gegenwart
1229 4317 1250 4385 Ι,
1261 4321 1286 4372 8.
