2880 4734
758 212 801 278 30

205 382 272 449 iam
295 381 368 448 neci
391 381 534 449 devotus
558 405 610 449 me
633 384 785 469 effugere
814 405 882 449 non
904 387 1029 471 potest.
1077 383 1243 452 Similiter
1267 382 1362 471 apud

204 486 415 574 Aeschylum
426 485 479 572 ¹³⁸)
502 486 696 554 Cassandra
720 488 906 555 exclamat:
930 493 1005 573 μαλ’
1023 488 1164 572 ἄρκυςᾶ
1184 491 1360 570 ξύνευνος,

206 585 396 672 ἁξυυαιτία
419 595 539 673 φόνου.
586 591 700 659 Verba
722 592 916 678 significent
938 615 1075 659 uxorem
1091 593 1361 679 Agamemnonis

206 697 237 762 ei
269 719 346 762 mox
376 699 520 762 mortem
552 696 748 764 allaturam.
798 697 1032 784 Seiungendus
1067 701 1120 766 est
1150 699 1203 765 hic
1236 722 1361 766 versus

205 806 248 870 ab
271 826 309 870 eo
334 803 392 890 qui
414 802 589 890 praecedit
612 799 632 887 ἦ
655 804 794 869 δίκτυον
817 808 852 869 τί
872 804 900 887 γ’
918 803 1049 888 'leodem
1078 825 1157 870 nam
1179 804 1258 871 Orci
1280 809 1362 871 rete

206 913 259 977 est
289 909 508 997 piscatorium
540 931 581 975 ex
615 909 760 976 oraculis
792 910 876 975 bene
907 914 1036 988 notum,
1066 910 1102 975 in
1128 910 1218 997 quod
1241 933 1361 977 omnes

207 1013 369 1081 mortales
404 1014 623 1101 recipiuntur.
680 1013 747 1081 Sub
781 1022 928 1100 utroque
960 1017 1075 1081 autem
1107 1013 1363 1083 subaudiebant

205 1117 435 1186 Athenienses
450 1130 582 1204 χιτῶνα,
605 1141 703 1206 quem
721 1118 977 1206 Clytaemestra
992 1118 1117 1186 marito
1133 1120 1362 1207 superiecisse

207 1223 393 1291 dicebatur.
440 1222 630 1292 Scholiasta
654 1222 750 1290 addit
783 1225 982 1308 φαντάζεται
1015 1227 1075 1290 τὸν
1097 1236 1227 1307 χιτῶνα
1275 1224 1360 1291 Alio

208 1327 344 1410 scholio,
368 1351 433 1417 quo
456 1329 539 1395 Eur.
563 1328 621 1395 Or.
646 1351 685 1394 vs
708 1328 752 1392 24
781 1328 906 1416 ἀπείρῳ
939 1328 1156 1412 repedaturi&
1185 1329 1361 1413 ὑφάσματι

208 1433 410 1521 explicatur,
444 1441 607 1501 narratur
636 1455 692 1499 res
724 1433 786 1499 hoc
807 1433 928 1499 modo:
961 1434 982 1518 ἡ
1011 1434 1074 1516 γὰρ
1099 1437 1362 1517 Κλυταιμήστρα

206 1551 328 1624 χιτῶνα
358 1539 489 1623 ὕφανευ
521 1540 598 1605 οὔτε
625 1550 698 1614 ταῖς
727 1537 842 1625 χερσὶν
874 1540 950 1605 οὔτε
988 1548 1029 1624 τῇ
1058 1544 1187 1624 κεφαλῇ
1218 1541 1362 1604 ἔκδυσιν

207 1646 334 1727 ἔχοντα,
365 1644 456 1721 ὅπως
477 1645 521 1728 μὴ
549 1643 762 1728 Ἀγαμέμνων
791 1644 985 1727 ἀμύνασθαι
1016 1646 1154 1709 δύναιτο
1185 1648 1266 1721 τοὺς
1295 1668 1362 1728 φυ-

207 1751 374 1826 νεύοντας.
421 1754 589 1835 Αἵσχυλος
616 1748 656 1814 de‘
675 1766 780 1831 φασιν
805 1749 877 1836 [frg
900 1747 977 1835 365]
1009 1750 1181 1834 ἀμήχανον
1211 1748 1362 1834 τέχνημα

207 1852 260 1919 καὶ
282 1854 498 1921 δυσέκδυτον.
544 1853 717 1939 Aeschylo
733 1854 940 1942 (fragmento
956 1855 1073 1921 fabula
1088 1854 1196 1937 deest)
1213 1855 1361 1922 laudato

207 1958 339 2045 patefit,
363 1958 451 2025 uude
474 1959 616 2026 scientia
636 1958 838 2026 scholiastae
855 1962 933 2025 orta
950 1960 1006 2026 sit.
1053 1960 1241 2042 Quaeritur
1257 1982 1360 2044 nunc,

208 2085 249 2128 ex
273 2085 337 2150 quo
361 2066 502 2130 auctore
525 2065 581 2130 vel
605 2064 697 2152 epico
721 2065 777 2131 vel
799 2064 911 2150 lyrico
928 2063 1123 2152 Aeschylus
1146 2065 1232 2131 hunc
1248 2067 1362 2150 ἄρκυν

207 2167 454 2254 Agamemnoni
471 2169 703 2255 perniciosum,
727 2169 843 2257 inquo
860 2169 945 2234 miro
962 2170 1059 2235 modo
1075 2169 1193 2252 vestis,
1218 2171 1362 2235 δίκτυον

208 2273 262 2361 (=
286 2276 362 2340 rete
394 2273 613 2362 piscatorium
647 2274 757 2361 Orci),
792 2278 868 2341 rete
898 2275 1110 2341 venatoriam
1143 2274 1198 2360 (=
1221 2274 1362 2360 Mortis)

208 2379 316 2446 mixta
339 2383 427 2462 sunt,
451 2379 629 2467 acceperit.
675 2379 761 2445 Nam
776 2380 812 2445 in
829 2380 1007 2447 Homerico
1032 2379 1177 2446 carmine
1190 2378 1244 2464 184)
1263 2379 1361 2465 Aga-

208 2507 363 2551 memnon
385 2486 420 2550 in
436 2507 517 2551 cena
533 2485 698 2553 occiditur
713 2485 819 2552 inscia
837 2485 1098 2573 Clytaemestra.
1143 2482 1360 2570 Aeschylum

210 2591 305 2677 sequi
327 2591 474 2678 vestigia
489 2590 644 2679 Delphici
667 2592 839 2658 cuiusdam
863 2598 985 2679 poetae
1008 2590 1050 2657 de
1064 2589 1300 2659 Wilamowitz
1322 2592 1361 2656 in

209 2694 423 2780 praefatione
460 2695 602 2762 editioni
640 2696 862 2783 Choephoron
899 2697 1084 2784 praemissa
1121 2696 1279 2782 exposuit
1293 2695 1359 2780 185).

209 2800 372 2867 Fortasse
404 2800 463 2866 ille
495 2800 632 2886 ignotus
666 2804 769 2889 po'e‘ta
802 2801 905 2867 etiam
938 2801 1052 2868 dolum
1077 2801 1183 2868 vestis
1209 2800 1359 2867 induxit.

209 2905 459 2972 Vestimentum
492 2907 552 2972 sub
585 2907 695 2993 specie
727 2907 812 2974 retis
838 2907 1007 2973 venatorii
1033 2906 1124 2995 apud
1147 2905 1360 2992 Aeschylum

208 3011 354 3099 primum
376 3010 411 3076 in
432 3010 696 3096 Agamemnonis
720 3012 837 3079 fabula
860 3012 1045 3080 invenitur.
1090 3011 1247 3098 Apparet
1270 3011 1362 3078 hanc

209 3116 431 3182 mutationem
463 3138 535 3182 esse
567 3116 778 3183 coniunctam
801 3140 874 3184 cum
899 3116 1010 3184 studio
1042 3121 1220 3204 poetarum
1248 3116 1360 3203 tragi-

210 3241 322 3286 corum
353 3241 451 3285 voces
474 3219 661 3286 cotidianas
688 3220 832 3288 tollendi
864 3227 900 3287 et
930 3243 1045 3287 earum
1076 3223 1150 3288 loco
1181 3221 1360 3289 venaticas

208 3324 364 3415 ponendi.
411 3324 469 3392 Ita
493 3347 676 3392 sermonem
692 3325 835 3392 reddere
859 3325 1037 3393 elatiorem
1061 3326 1253 3393 voluerunt.
1302 3327 1370 3392 Aa

208 3430 297 3497 idem
321 3430 469 3498 studium
491 3429 645 3517 pertinet
667 3429 756 3518 quod
778 3430 904 3498 Furiae
926 3435 1093 3519 putantur
1117 3438 1153 3499 et
1176 3431 1358 3517 finguntur

211 3557 334 3602 saevae
356 3533 559 3602 venatrices.
606 3533 673 3601 Sed
695 3534 795 3622 plane
817 3535 1023 3621 ignoramus,
1052 3560 1117 3624 quo
1140 3536 1250 3625 primo
1273 3539 1360 3602 tem-

210 3664 292 3727 pore
318 3640 443 3707 Furiae
477 3641 561 3707 hanc
595 3641 737 3726 speciem
768 3642 968 3729 acceperint.
1016 3642 1191 3729 Euripidis
1226 3640 1361 3709 demum

210 3751 327 3815 aetate
349 3746 437 3812 tales
453 3746 489 3812 in
504 3744 705 3831 imaginihus
725 3747 921 3835 pinguntur.
969 3747 1129 3814 Artifices
1146 3747 1361 3814 vasculorum

209 3851 317 3938 igitur
339 3851 509 3938 pictorum
531 3855 650 3938 po‘e'tas
675 3857 860 3940 sequentur
876 3875 982 3941 neque
999 3852 1259 3940 explicationem
1275 3852 1359 3920 dare

210 3959 361 4045 possunt.
406 3956 526 4042 Itaque
549 3955 696 4022 discerni
718 3981 785 4024 non
807 3961 934 4046 potest,
967 3961 1083 4023 utrum
1105 3957 1232 4024 Furiae
1254 3978 1359 4025 vena-

209 4061 314 4130 trices
346 4084 390 4128 an
414 4066 489 4128 rete
521 4062 734 4129 venatorium
755 4063 878 4128 Mortis
901 4084 944 4127 au
968 4062 1230 4148 Agamemnonis
1253 4063 1359 4129 vesti-

302 4225 363 4290 res)
383 4227 432 4290 Ag.
454 4220 696 4291 1116.(1018K)
781 4221 843 4290 134)
862 4219 912 4275 od.
931 4221 977 4290 IV,
998 4223 1050 4274 519
1060 4235 1120 4289 sqq.
1210 4221 1273 4290 135)
1294 4219 1359 4274 wil.

209 4312 237 4365 in
256 4311 386 4380 isagogae
404 4328 466 4380 pag.
486 4314 519 4365 21
532 4327 590 4379 sqq.
