2880 4734
667 241 687 307 9

192 414 386 504 Explicatio
417 418 531 481 autem
564 417 851 480 monumentorum
885 412 994 479 adhuc
1029 414 1182 502 poscitur
1215 419 1253 482 et

103 522 228 589 merito
259 519 484 588 desideratur.
529 518 737 605 Imaginibus
769 518 851 606 ipsis
879 517 964 584 nihil
994 521 1163 606 probatur
1184 520 1252 587 nisi

105 627 219 693 leones
244 627 339 693 vivos
363 625 468 691 fuisse
490 628 590 690 notos
614 624 661 690 eis
685 622 883 706 artificibus,
908 624 966 711 qui
987 628 1060 690 tum
1075 625 1253 711 fingebant

104 731 218 799 leones
252 731 331 798 illos
366 752 512 796 summae
547 728 745 796 vivacitatis
774 729 935 796 cubantes
947 728 996 814 ³⁰),
1032 730 1188 798 sedentes
1201 729 1251 814 ³¹),

104 841 278 925 serpentes
290 836 344 923 ⁸²),
379 835 569 902 insilientes
582 833 632 920 ³³).
688 834 729 899 In
760 856 919 901 mucrone
957 835 1100 922 quodam
1137 858 1253 922 pugna

104 942 352 1029 quamoptime
380 939 626 1007 incrustatione
658 938 831 1024 descripta
854 938 968 1024 est34).
1015 939 1169 1027 Quinque
1191 939 1252 1007 ho·

103 1046 208 1112 mines
232 1046 418 1131 confligunt
448 1048 568 1111 contra
589 1044 729 1122 leonem,
761 1066 835 1112 cum
857 1044 923 1111 dno
947 1045 1007 1111 alii
1029 1045 1142 1112 leones
1167 1046 1251 1112 effu-

102 1151 219 1238 giunt,
253 1172 347 1217 arma
378 1150 529 1216 virorum
555 1154 635 1217 sunt
664 1150 782 1217 hastae
806 1153 904 1218 scuta
925 1150 1054 1238 galeae,
1087 1173 1171 1217 unus
1194 1151 1250 1217 vir

103 1278 219 1322 areum
241 1260 346 1322 tenet.
391 1255 539 1342 Propter
560 1256 621 1321 has
650 1249 814 1342 imagines
838 1260 875 1322 et
895 1255 1076 1344 praecipue
1106 1258 1252 1343 propter

103 1360 252 1448 quietam
284 1359 495 1442 maiestatem
526 1361 679 1426 cubantis
710 1363 806 1428 aurei
836 1360 944 1427 leonis
956 1359 996 1446 35)
1018 1361 1127 1426 minus
1159 1360 1252 1427 credi

102 1468 220 1552 potest
243 1464 393 1531 artifices
416 1465 567 1531 imitatos
589 1487 661 1532 esse
678 1465 882 1553 exemplaria
897 1487 996 1553 quam
1012 1465 1108 1532 vivos
1123 1465 1249 1533 leones

101 1569 288 1652 Nescimus
313 1591 380 1656 qua
400 1569 554 1636 interra
576 1570 690 1636 dextri
710 1570 765 1636 illi
787 1571 937 1637 artifices
960 1570 1206 1637 habitaverint.

191 1674 274 1741 Cum
303 1673 534 1756 deliberarem,
565 1698 628 1762 quo
651 1676 749 1742 modo
779 1675 855 1742 fieri
883 1675 1064 1762 potuisset,
1093 1678 1135 1741 ut
1164 1675 1253 1741 anti-

102 1780 282 1867 quissimae
305 1779 467 1847 Graeciae
501 1780 650 1847 artifices
681 1780 742 1847 has
769 1781 932 1867 imagines
956 1780 1134 1865 fingerent,
1169 1780 1251 1846 mihi

102 1886 194 1952 ratio
224 1885 389 1972 quaedam
419 1885 455 1950 in
477 1891 622 1952 mentem
655 1886 760 1969 venit,
795 1908 894 1973 quam
926 1909 993 1952 non
1023 1887 1251 1974 protulissem,

101 1991 169 2057 uisi
190 1993 311 2079 postea
326 1989 409 2056 duos
432 1990 524 2058 viros
547 1991 582 2056 in
606 1991 748 2057 similem
770 1991 927 2058 incidisse
951 1991 1155 2057 sententiam
1175 2014 1252 2080 rep-

100 2096 272 2183 perissem.

189 2201 309 2268 Nonne
332 2201 481 2268 artifices
505 2201 540 2266 in
564 2200 711 2267 Graecia
741 2201 855 2267 leones
880 2201 977 2288 quasi
999 2201 1096 2267 vivos
1120 2201 1249 2286 fingere

101 2304 202 2371 facile
224 2309 397 2392 poterant,
422 2307 451 2372 si
474 2310 591 2392 captos
616 2310 651 2373 et
673 2311 867 2372 mansuetos
899 2309 979 2372 ante
1011 2304 1123 2372 oculos
1147 2305 1248 2372 habe-

102 2409 210 2476 bant?

189 2515 242 2582 De
276 2515 421 2603 captivis
458 2516 611 2582 leonibus
645 2515 907 2600 Furtwaengler
943 2516 1107 2582 nonnulla
1144 2518 1252 2582 verba

102 2620 189 2687 facit
203 2620 239 2686 in
252 2619 460 2704 Gemmis³⁶)‚
485 2621 545 2688 sed
567 2621 754 2707 prudenter
778 2621 983 2688 sententiam
1006 2643 1099 2688 suam
1122 2622 1163 2688 de
1186 2621 1250 2687 hac

102 2746 140 2791 re
168 2724 277 2791 fusius
310 2725 480 2813 explicare
503 2725 642 2792 omittit.
688 2726 772 2791 Inde
802 2749 870 2792 non
901 2727 1045 2811 multum
1076 2728 1174 2793 abest
1202 2725 1250 2808 id,

104 2829 193 2916 qnod
215 2832 257 2894 A.
281 2830 322 2896 B.
345 2830 465 2914 Meyer
488 2831 523 2895 in
545 2831 765 2897 adnotatione
799 2830 944 2918 quadam
973 2831 1095 2897 clarius
1127 2853 1249 2917 propo-

103 2934 156 3000 nit
165 2932 220 3018 VI:
267 2935 342 3001 Dass
383 2935 444 3001 der
483 2934 645 3002 Gedanhe
683 2935 744 3002 der
780 2935 999 3022 Einffihrung
1042 2935 1251 3021 gefangener

104 3037 238 3121 Ltiweu,
278 3038 332 3104 die
367 3039 431 3104 den
464 3039 655 3106 Kiinstlern
692 3039 745 3105 als
782 3040 928 3107 Modelle
966 3040 1104 3126 gedient
1141 3040 1251 3106 haben

103 3141 264 3224 kdnnten,
300 3166 336 3208 so
361 3143 446 3210 ohne
478 3144 635 3210 weiteres
668 3167 735 3210 von
763 3145 823 3210 der
849 3145 945 3211 Hand
969 3169 1011 3210 zu
1033 3145 1159 3211 weisen
1191 3145 1250 3228 sei,

103 3246 255 3313 leuchtet
277 3248 342 3312 mir
364 3248 460 3315 nicht
483 3249 547 3315 ein.
592 3248 655 3315 His
688 3250 802 3316 verbis
835 3251 1038 3332 continetur,
1073 3250 1159 3337 quod
1192 3250 1251 3314 alii

103 3349 172 3418 viri
195 3351 296 3433 docti,
329 3375 470 3438 quorum
502 3355 637 3419 nomina
669 3354 751 3420 mihi
775 3359 855 3420 sunt
877 3355 1004 3440 ignota,
1036 3358 1253 3440 negaverunt

194 3530 240 3594 30)
259 3527 352 3581 P.-Ch.
372 3528 447 3582 Tom.
468 3529 513 3582 VI.
533 3531 570 3597 pl.
591 3531 662 3599 XVI,
682 3547 717 3584 no
740 3534 763 3584 6.

195 3616 241 3683 31)
261 3616 352 3670 P.·Ch.
371 3616 447 3671 Tom.
468 3618 512 3671 VI.
532 3619 569 3687 pl.
589 3620 661 3687 XVI,
681 3636 715 3673 no
735 3623 760 3686 7,
783 3622 823 3687 14,
846 3623 885 3674 18.

194 3705 240 3774 32)
260 3705 349 3759 P.·Ch.
370 3706 445 3760 Tem.
460 3707 504 3760 VI.
524 3724 585 3776 pag.
606 3712 658 3762 845
677 3725 713 3762 no
732 3712 774 3762 20.

195 3795 241 3863 33)
261 3794 351 3849 P.-Ch.
371 3796 447 3851 Tom.
462 3797 506 3850 VI.
526 3813 588 3865 pag.
608 3801 660 3851 845
680 3815 715 3852 no
734 3802 758 3866 3,
777 3802 802 3865 9,
825 3802 875 3866 14;
893 3799 930 3867 pl.
950 3799 1023 3866 XVI,
1041 3816 1076 3854 no
1096 3803 1121 3866 3,
1142 3802 1183 3852 12.

195 3887 241 3952 34)
259 3885 350 3939 P.·Ch.
371 3886 445 3940 Tom.
460 3887 504 3939 VI.
524 3888 561 3955 pl.
581 3887 681 3940 XVIII.
1022 3906 1023 3909 ¹

195 3977 241 4044 35)
260 3974 353 4028 P.·Ch.
374 3976 449 4029 Tom.
466 3976 508 4031 VI.
527 3992 589 4045 pag.
610 3981 670 4044 824,
690 3994 726 4032 no
744 3980 804 4032 402.

195 4067 240 4133 36)
259 4064 361 4120 Furtw.
376 4066 504 4120 Gammae
524 4067 598 4121 Tom.
613 4069 633 4122 I.
652 4068 707 4121 tab.
728 4068 777 4134 III,
796 4071 831 4120 20
850 4073 878 4122 et
891 4068 966 4122 Tom.
980 4068 1014 4122 II.
1034 4084 1096 4136 pag.
1110 4070 1142 4121 51
1157 4085 1193 4122 no
1208 4071 1251 4123 32.

195 4154 242 4211 37)
260 4155 293 4208 A.
313 4155 344 4208 B.
363 4154 459 4224 Meyer
478 4155 624 4225 (Dresden)
650 4157 708 4210 Der
733 4157 913 4225 Zoologische
932 4157 1036 4211 Garten
1055 4157 1144 4211 XLIV
1163 4157 1214 4212 No.
1234 4161 1251 4211 3

105 4245 200 4313 (1903)
219 4260 282 4312 pag.
302 4247 423 4300 65—73:
452 4246 500 4298 Bis
519 4246 570 4299 wie
587 4247 650 4300 weit
676 4247 705 4299 in
731 4246 780 4300 der
807 4247 991 4302 historischen
1009 4246 1071 4301 Zeit
1094 4248 1198 4302 zursrck
1215 4248 1255 4302 Ist

105 4333 155 4388 der
173 4333 255 4388 dee
274 4335 302 4387 in
322 4334 524 4389 Griechenland
542 4336 751 4390 nachweisbar?
788 4335 822 4389 cf.
842 4352 903 4405 pag.
925 4340 959 4390 72
979 4335 1042 4391 adn.
1063 4342 1085 4392 1.
