<?xml version="1.0" encoding="UTF-8"?>
<!DOCTYPE html PUBLIC "-//W3C//DTD XHTML 1.0 Transitional//EN"
    "http://www.w3.org/TR/xhtml1/DTD/xhtml1-transitional.dtd">
<html xmlns="http://www.w3.org/1999/xhtml" xml:lang="en" lang="en">
 <head>
  <title>
</title>
<meta http-equiv="Content-Type" content="text/html;charset=utf-8" />
  <meta name='ocr-system' content='tesseract 3.04.00' />
  <meta name='ocr-capabilities' content='ocr_page ocr_carea ocr_par ocr_line ocrx_word'/>
</head>
<body>
  <div class='ocr_page' id='page_1' title='image "./destudiovenandi00johagoog_0035.png"; bbox 0 0 2880 4734; ppageno 0'>
   <div class='ocr_carea' id='block_1_1' title="bbox 691 156 735 223">
    <p class='ocr_par' dir='ltr' id='par_1_1' title="bbox 691 156 735 223">
     <span class='ocr_line' id='line_1_1' title="bbox 691 156 735 223; baseline 0.068 -3"><span class='ocrx_word' id='word_1_1' title='bbox 691 156 735 223; x_wconf 79' lang='lat'><strong>26</strong></span> 
     </span>
    </p>
   </div>
   <div class='ocr_carea' id='block_1_2' title="bbox 134 328 1296 3903">
    <p class='ocr_par' dir='ltr' id='par_1_2' title="bbox 134 328 1296 3903">
     <span class='ocr_line' id='line_1_2' title="bbox 143 328 1296 415; baseline -0.001 -19"><span class='ocrx_word' id='word_1_2' title='bbox 143 330 321 412; x_wconf 81' lang='lat' dir='ltr'><strong>Tithonus,</strong></span> <span class='ocrx_word' id='word_1_3' title='bbox 346 329 540 415; x_wconf 85' lang='lat' dir='ltr'><strong>Endymion</strong></span> <span class='ocrx_word' id='word_1_4' title='bbox 559 329 720 414; x_wconf 87' lang='lat' dir='ltr'><strong>(Zethos)‚</strong></span> <span class='ocrx_word' id='word_1_5' title='bbox 743 328 923 409; x_wconf 73' lang='lat' dir='ltr'><strong>Atalanta,</strong></span> <span class='ocrx_word' id='word_1_6' title='bbox 948 329 1129 411; x_wconf 73' lang='lat' dir='ltr'>Arethusa,</span> <span class='ocrx_word' id='word_1_7' title='bbox 1155 329 1296 415; x_wconf 82' lang='lat' dir='ltr'><strong>Cyrene</strong></span> 
     </span>
     <span class='ocr_line' id='line_1_3' title="bbox 145 434 1295 524; baseline -0.001 -21"><span class='ocrx_word' id='word_1_8' title='bbox 145 437 211 503; x_wconf 91' lang='lat' dir='ltr'><strong>huc</strong></span> <span class='ocrx_word' id='word_1_9' title='bbox 245 438 412 524; x_wconf 90' lang='lat' dir='ltr'><strong>spectant.</strong></span> <span class='ocrx_word' id='word_1_10' title='bbox 459 434 546 502; x_wconf 85' lang='lat' dir='ltr'><strong>Sunt</strong></span> <span class='ocrx_word' id='word_1_11' title='bbox 579 435 610 502; x_wconf 93' lang='lat' dir='ltr'><strong>ei</strong></span> <span class='ocrx_word' id='word_1_12' title='bbox 636 435 785 502; x_wconf 89' lang='lat' dir='ltr'><strong>homines</strong></span> <span class='ocrx_word' id='word_1_13' title='bbox 809 434 865 522; x_wconf 93' lang='lat' dir='ltr'><strong>qui</strong></span> <span class='ocrx_word' id='word_1_14' title='bbox 899 434 1128 502; x_wconf 88' lang='lat' dir='ltr'><strong>multitudinis</strong></span> <span class='ocrx_word' id='word_1_15' title='bbox 1157 457 1295 502; x_wconf 90' lang='lat' dir='ltr'><strong>consue-</strong></span> 
     </span>
     <span class='ocr_line' id='line_1_4' title="bbox 144 539 1295 628; baseline -0.003 -20"><span class='ocrx_word' id='word_1_16' title='bbox 144 541 297 608; x_wconf 76' lang='lat' dir='ltr'><strong>tudinem</strong></span> <span class='ocrx_word' id='word_1_17' title='bbox 331 542 454 623; x_wconf 87' lang='lat' dir='ltr'><strong>vitent‚</strong></span> <span class='ocrx_word' id='word_1_18' title='bbox 490 539 595 607; x_wconf 89' lang='lat' dir='ltr'><strong>silvas</strong></span> <span class='ocrx_word' id='word_1_19' title='bbox 626 544 748 628; x_wconf 88' lang='lat' dir='ltr'><strong>petant</strong></span> <span class='ocrx_word' id='word_1_20' title='bbox 777 540 890 627; x_wconf 83' lang='lat' dir='ltr'>ibique</span> <span class='ocrx_word' id='word_1_21' title='bbox 920 541 1057 606; x_wconf 88' lang='lat' dir='ltr'><strong>canibus</strong></span> <span class='ocrx_word' id='word_1_22' title='bbox 1088 541 1168 607; x_wconf 88' lang='lat' dir='ltr'><strong>solis</strong></span> <span class='ocrx_word' id='word_1_23' title='bbox 1192 540 1295 606; x_wconf 89' lang='lat' dir='ltr'><strong>comi·</strong></span> 
     </span>
     <span class='ocr_line' id='line_1_5' title="bbox 145 644 1293 732; baseline -0.002 -20"><span class='ocrx_word' id='word_1_24' title='bbox 145 647 237 712; x_wconf 89' lang='lat' dir='ltr'><strong>tibus</strong></span> <span class='ocrx_word' id='word_1_25' title='bbox 260 644 366 711; x_wconf 87' lang='lat' dir='ltr'><strong>vitam</strong></span> <span class='ocrx_word' id='word_1_26' title='bbox 392 644 514 731; x_wconf 88' lang='lat' dir='ltr'><strong>degere</strong></span> <span class='ocrx_word' id='word_1_27' title='bbox 537 644 656 711; x_wconf 89' lang='lat' dir='ltr'><strong>velint.</strong></span> <span class='ocrx_word' id='word_1_28' title='bbox 702 644 780 711; x_wconf 84' lang='lat' dir='ltr'><strong>Vox</strong></span> <span class='ocrx_word' id='word_1_29' title='bbox 803 644 918 732; x_wconf 91' lang='lat' dir='ltr'><strong>populi</strong></span> <span class='ocrx_word' id='word_1_30' title='bbox 941 666 998 711; x_wconf 93' lang='lat' dir='ltr'><strong>eos</strong></span> <span class='ocrx_word' id='word_1_31' title='bbox 1020 645 1137 730; x_wconf 89' lang='lat' dir='ltr'><strong>gratia</strong></span> <span class='ocrx_word' id='word_1_32' title='bbox 1152 644 1293 710; x_wconf 91' lang='lat' dir='ltr'><strong>deorum</strong></span> 
     </span>
     <span class='ocr_line' id='line_1_6' title="bbox 145 749 1294 837; baseline -0.002 -20"><span class='ocrx_word' id='word_1_33' title='bbox 145 751 276 818; x_wconf 88' lang='lat' dir='ltr'><strong>Dianae</strong></span> <span class='ocrx_word' id='word_1_34' title='bbox 293 754 448 817; x_wconf 81' lang='lat' dir='ltr'>Aurorae</span> <span class='ocrx_word' id='word_1_35' title='bbox 463 749 634 837; x_wconf 81' lang='lat' dir='ltr'><strong>Apollinis</strong></span> <span class='ocrx_word' id='word_1_36' title='bbox 657 749 711 816; x_wconf 90' lang='lat' dir='ltr'><strong>uti</strong></span> <span class='ocrx_word' id='word_1_37' title='bbox 733 749 883 834; x_wconf 86' lang='lat' dir='ltr'><strong>dicebet;</strong></span> <span class='ocrx_word' id='word_1_38' title='bbox 908 749 1025 816; x_wconf 88' lang='lat' dir='ltr'><strong>Venus</strong></span> <span class='ocrx_word' id='word_1_39' title='bbox 1050 750 1138 816; x_wconf 92' lang='lat' dir='ltr'><strong>enim</strong></span> <span class='ocrx_word' id='word_1_40' title='bbox 1161 772 1294 837; x_wconf 84' lang='lat' dir='ltr'><strong>semper</strong></span> 
     </span>
     <span class='ocr_line' id='line_1_7' title="bbox 145 858 1294 946; baseline -0.002 -20"><span class='ocrx_word' id='word_1_41' title='bbox 145 860 182 926; x_wconf 93' lang='lat' dir='ltr'><strong>in</strong></span> <span class='ocrx_word' id='word_1_42' title='bbox 203 860 332 927; x_wconf 90' lang='lat' dir='ltr'><strong>talibus</strong></span> <span class='ocrx_word' id='word_1_43' title='bbox 355 859 519 926; x_wconf 82' lang='lat' dir='ltr'><strong>fabulosis</strong></span> <span class='ocrx_word' id='word_1_44' title='bbox 541 858 796 925; x_wconf 76' lang='lat' dir='ltr'><strong>narrationibus</strong></span> <span class='ocrx_word' id='word_1_45' title='bbox 821 863 938 946; x_wconf 88' lang='lat' dir='ltr'><strong>partes</strong></span> <span class='ocrx_word' id='word_1_46' title='bbox 963 881 1040 926; x_wconf 92' lang='lat' dir='ltr'><strong>suas</strong></span> <span class='ocrx_word' id='word_1_47' title='bbox 1064 858 1147 944; x_wconf 84' lang='lat' dir='ltr'><strong>agit,</strong></span> <span class='ocrx_word' id='word_1_48' title='bbox 1178 859 1230 924; x_wconf 88' lang='lat' dir='ltr'><strong>ita</strong></span> <span class='ocrx_word' id='word_1_49' title='bbox 1253 863 1294 924; x_wconf 93' lang='lat' dir='ltr'><strong>ut</strong></span> 
     </span>
     <span class='ocr_line' id='line_1_8' title="bbox 146 966 1294 1055; baseline -0.003 -21"><span class='ocrx_word' id='word_1_50' title='bbox 146 970 177 1035; x_wconf 89' lang='lat' dir='ltr'><strong>ei</strong></span> <span class='ocrx_word' id='word_1_51' title='bbox 210 967 360 1035; x_wconf 89' lang='lat' dir='ltr'><strong>homines</strong></span> <span class='ocrx_word' id='word_1_52' title='bbox 400 966 517 1055; x_wconf 85' lang='lat' dir='ltr'><strong>quovis</strong></span> <span class='ocrx_word' id='word_1_53' title='bbox 551 966 648 1032; x_wconf 92' lang='lat' dir='ltr'><strong>modo</strong></span> <span class='ocrx_word' id='word_1_54' title='bbox 679 971 824 1054; x_wconf 89' lang='lat' dir='ltr'><strong>propter</strong></span> <span class='ocrx_word' id='word_1_55' title='bbox 857 988 1004 1033; x_wconf 88' lang='lat' dir='ltr'><strong>amorem</strong></span> <span class='ocrx_word' id='word_1_56' title='bbox 1041 971 1294 1054; x_wconf 75' lang='lat' dir='ltr'><strong>praematuram</strong></span> 
     </span>
     <span class='ocr_line' id='line_1_9' title="bbox 145 1074 1293 1164; baseline 0 -23"><span class='ocrx_word' id='word_1_57' title='bbox 145 1079 289 1142; x_wconf 88' lang='lat' dir='ltr'><strong>mortem</strong></span> <span class='ocrx_word' id='word_1_58' title='bbox 323 1078 447 1142; x_wconf 91' lang='lat' dir='ltr'><strong>obeant</strong></span> <span class='ocrx_word' id='word_1_59' title='bbox 462 1075 522 1161; x_wconf 69' lang='lat'><strong>¹¹7).</strong></span> <span class='ocrx_word' id='word_1_60' title='bbox 568 1074 633 1141; x_wconf 89' lang='lat' dir='ltr'><strong>Hic</strong></span> <span class='ocrx_word' id='word_1_61' title='bbox 660 1085 813 1158; x_wconf 86' lang='lat' dir='ltr'><strong>venatus,</strong></span> <span class='ocrx_word' id='word_1_62' title='bbox 846 1075 904 1163; x_wconf 93' lang='lat' dir='ltr'><strong>qui</strong></span> <span class='ocrx_word' id='word_1_63' title='bbox 934 1098 1001 1142; x_wconf 90' lang='lat' dir='ltr'><strong>non</strong></span> <span class='ocrx_word' id='word_1_64' title='bbox 1032 1080 1174 1164; x_wconf 90' lang='lat' dir='ltr'><strong>propter</strong></span> <span class='ocrx_word' id='word_1_65' title='bbox 1204 1075 1293 1163; x_wconf 91' lang='lat' dir='ltr'><strong>peri-</strong></span> 
     </span>
     <span class='ocr_line' id='line_1_10' title="bbox 146 1183 1294 1272; baseline 0.001 -22"><span class='ocrx_word' id='word_1_66' title='bbox 146 1185 277 1251; x_wconf 91' lang='lat' dir='ltr'><strong>culosas</strong></span> <span class='ocrx_word' id='word_1_67' title='bbox 309 1184 437 1251; x_wconf 89' lang='lat' dir='ltr'><strong>bestias</strong></span> <span class='ocrx_word' id='word_1_68' title='bbox 471 1206 532 1251; x_wconf 92' lang='lat' dir='ltr'><strong>nec</strong></span> <span class='ocrx_word' id='word_1_69' title='bbox 563 1193 705 1272; x_wconf 89' lang='lat' dir='ltr'><strong>propter</strong></span> <span class='ocrx_word' id='word_1_70' title='bbox 736 1183 895 1270; x_wconf 85' lang='lat' dir='ltr'><strong>praedam</strong></span> <span class='ocrx_word' id='word_1_71' title='bbox 928 1189 1104 1272; x_wconf 86' lang='lat' dir='ltr'><strong>susceptus</strong></span> <span class='ocrx_word' id='word_1_72' title='bbox 1135 1188 1197 1267; x_wconf 88' lang='lat' dir='ltr'><strong>est,</strong></span> <span class='ocrx_word' id='word_1_73' title='bbox 1232 1184 1294 1251; x_wconf 88' lang='lat' dir='ltr'><strong>sed</strong></span> 
     </span>
     <span class='ocr_line' id='line_1_11' title="bbox 145 1288 1294 1378; baseline 0.001 -22"><span class='ocrx_word' id='word_1_74' title='bbox 145 1293 288 1376; x_wconf 92' lang='lat' dir='ltr'><strong>propter</strong></span> <span class='ocrx_word' id='word_1_75' title='bbox 311 1288 527 1356; x_wconf 88' lang='lat' dir='ltr'><strong>solitudinem</strong></span> <span class='ocrx_word' id='word_1_76' title='bbox 552 1288 723 1372; x_wconf 86' lang='lat' dir='ltr'><strong>silvarum,</strong></span> <span class='ocrx_word' id='word_1_77' title='bbox 747 1290 783 1355; x_wconf 92' lang='lat' dir='ltr'><strong>in</strong></span> <span class='ocrx_word' id='word_1_78' title='bbox 808 1289 928 1378; x_wconf 90' lang='lat' dir='ltr'><strong>quibus</strong></span> <span class='ocrx_word' id='word_1_79' title='bbox 945 1289 1000 1356; x_wconf 91' lang='lat' dir='ltr'><strong>dei</strong></span> <span class='ocrx_word' id='word_1_80' title='bbox 1015 1313 1088 1356; x_wconf 92' lang='lat' dir='ltr'><strong>cum</strong></span> <span class='ocrx_word' id='word_1_81' title='bbox 1104 1289 1294 1357; x_wconf 86' lang='lat' dir='ltr'><strong>hominibus</strong></span> 
     </span>
     <span class='ocr_line' id='line_1_12' title="bbox 146 1394 1295 1483; baseline 0.001 -23"><span class='ocrx_word' id='word_1_82' title='bbox 146 1394 341 1483; x_wconf 86' lang='lat' dir='ltr'><strong>loquuntur,</strong></span> <span class='ocrx_word' id='word_1_83' title='bbox 373 1394 430 1460; x_wconf 92' lang='lat' dir='ltr'><strong>diu</strong></span> <span class='ocrx_word' id='word_1_84' title='bbox 460 1394 593 1461; x_wconf 87' lang='lat' dir='ltr'><strong>latebat</strong></span> <span class='ocrx_word' id='word_1_85' title='bbox 622 1395 657 1460; x_wconf 90' lang='lat' dir='ltr'><strong>in</strong></span> <span class='ocrx_word' id='word_1_86' title='bbox 686 1396 760 1463; x_wconf 86' lang='lat' dir='ltr'><strong>vita</strong></span> <span class='ocrx_word' id='word_1_87' title='bbox 795 1396 1014 1463; x_wconf 85' lang='lat' dir='ltr'><strong>Graecorum.</strong></span> <span class='ocrx_word' id='word_1_88' title='bbox 1059 1395 1178 1462; x_wconf 91' lang='lat' dir='ltr'><strong>Denuo</strong></span> <span class='ocrx_word' id='word_1_89' title='bbox 1202 1396 1295 1461; x_wconf 90' lang='lat' dir='ltr'><strong>revi-</strong></span> 
     </span>
     <span class='ocr_line' id='line_1_13' title="bbox 143 1498 1294 1589; baseline -0.001 -22"><span class='ocrx_word' id='word_1_90' title='bbox 143 1500 252 1567; x_wconf 85' lang='lat' dir='ltr'><strong>vescit</strong></span> <span class='ocrx_word' id='word_1_91' title='bbox 276 1498 508 1581; x_wconf 88' lang='lat' dir='ltr'><strong>hellenisticis,</strong></span> <span class='ocrx_word' id='word_1_92' title='bbox 533 1522 619 1587; x_wconf 87' lang='lat' dir='ltr'><strong>quae</strong></span> <span class='ocrx_word' id='word_1_93' title='bbox 641 1523 729 1568; x_wconf 91' lang='lat' dir='ltr'><strong>nunc</strong></span> <span class='ocrx_word' id='word_1_94' title='bbox 752 1501 922 1584; x_wconf 80' lang='lat' dir='ltr'><strong>dicuntur,</strong></span> <span class='ocrx_word' id='word_1_95' title='bbox 945 1501 1166 1589; x_wconf 87' lang='lat' dir='ltr'><strong>temporibus.</strong></span> <span class='ocrx_word' id='word_1_96' title='bbox 1205 1499 1294 1566; x_wconf 88' lang='lat' dir='ltr'><strong>Nam</strong></span> 
     </span>
     <span class='ocr_line' id='line_1_14' title="bbox 144 1603 1295 1693; baseline -0.001 -22"><span class='ocrx_word' id='word_1_97' title='bbox 144 1608 218 1671; x_wconf 87' lang='lat' dir='ltr'><strong>tum</strong></span> <span class='ocrx_word' id='word_1_98' title='bbox 239 1603 390 1671; x_wconf 88' lang='lat' dir='ltr'><strong>homines</strong></span> <span class='ocrx_word' id='word_1_99' title='bbox 413 1605 608 1672; x_wconf 90' lang='lat' dir='ltr'><strong>tenerrimis</strong></span> <span class='ocrx_word' id='word_1_100' title='bbox 633 1605 830 1692; x_wconf 88' lang='lat' dir='ltr'><strong>quibusdam</strong></span> <span class='ocrx_word' id='word_1_101' title='bbox 853 1605 1116 1693; x_wconf 82' lang='lat' dir='ltr'><strong>cogitationibus</strong></span> <span class='ocrx_word' id='word_1_102' title='bbox 1141 1604 1295 1672; x_wconf 84' lang='lat' dir='ltr'><strong>obsecuti</strong></span> 
     </span>
     <span class='ocr_line' id='line_1_15' title="bbox 143 1709 1294 1799; baseline -0.001 -23"><span class='ocrx_word' id='word_1_103' title='bbox 143 1710 339 1796; x_wconf 87' lang='lat' dir='ltr'><strong>gaudebant</strong></span> <span class='ocrx_word' id='word_1_104' title='bbox 361 1712 421 1777; x_wconf 91' lang='lat' dir='ltr'><strong>sub</strong></span> <span class='ocrx_word' id='word_1_105' title='bbox 444 1709 524 1776; x_wconf 86' lang='lat' dir='ltr'><strong>divo</strong></span> <span class='ocrx_word' id='word_1_106' title='bbox 546 1710 675 1775; x_wconf 90' lang='lat' dir='ltr'><strong>morari</strong></span> <span class='ocrx_word' id='word_1_107' title='bbox 695 1711 731 1776; x_wconf 92' lang='lat' dir='ltr'><strong>in</strong></span> <span class='ocrx_word' id='word_1_108' title='bbox 755 1711 937 1778; x_wconf 88' lang='lat' dir='ltr'><strong>solitudine</strong></span> <span class='ocrx_word' id='word_1_109' title='bbox 960 1710 1123 1778; x_wconf 88' lang='lat' dir='ltr'><strong>silvarum</strong></span> <span class='ocrx_word' id='word_1_110' title='bbox 1139 1713 1175 1777; x_wconf 93' lang='lat' dir='ltr'><strong>et</strong></span> <span class='ocrx_word' id='word_1_111' title='bbox 1189 1733 1294 1799; x_wconf 90' lang='lat' dir='ltr'><strong>prop-</strong></span> 
     </span>
     <span class='ocr_line' id='line_1_16' title="bbox 144 1814 1293 1884; baseline 0.001 -2"><span class='ocrx_word' id='word_1_112' title='bbox 144 1820 201 1883; x_wconf 85' lang='lat' dir='ltr'><strong>ter</strong></span> <span class='ocrx_word' id='word_1_113' title='bbox 235 1815 340 1882; x_wconf 92' lang='lat' dir='ltr'><strong>talem</strong></span> <span class='ocrx_word' id='word_1_114' title='bbox 371 1816 407 1880; x_wconf 90' lang='lat' dir='ltr'><strong>in</strong></span> <span class='ocrx_word' id='word_1_115' title='bbox 442 1814 642 1881; x_wconf 88' lang='lat' dir='ltr'><strong>solitudines</strong></span> <span class='ocrx_word' id='word_1_116' title='bbox 679 1838 844 1884; x_wconf 89' lang='lat' dir='ltr'><strong>secessum</strong></span> <span class='ocrx_word' id='word_1_117' title='bbox 877 1816 1091 1883; x_wconf 90' lang='lat' dir='ltr'><strong>venationem</strong></span> <span class='ocrx_word' id='word_1_118' title='bbox 1124 1816 1293 1883; x_wconf 89' lang='lat' dir='ltr'><strong>colebant.</strong></span> 
     </span>
     <span class='ocr_line' id='line_1_17' title="bbox 145 1919 1294 2008; baseline 0 -22"><span class='ocrx_word' id='word_1_119' title='bbox 145 1920 238 2004; x_wconf 81' lang='lat' dir='ltr'><strong>(Alio</strong></span> <span class='ocrx_word' id='word_1_120' title='bbox 271 1920 382 2008; x_wconf 89' lang='lat' dir='ltr'><strong>capite</strong></span> <span class='ocrx_word' id='word_1_121' title='bbox 413 1919 512 1985; x_wconf 89' lang='lat' dir='ltr'><strong>huius</strong></span> <span class='ocrx_word' id='word_1_122' title='bbox 537 1919 688 2006; x_wconf 91' lang='lat' dir='ltr'><strong>opusculi</strong></span> <span class='ocrx_word' id='word_1_123' title='bbox 720 1921 756 1987; x_wconf 92' lang='lat' dir='ltr'><strong>in</strong></span> <span class='ocrx_word' id='word_1_124' title='bbox 778 1921 864 1987; x_wconf 90' lang='lat' dir='ltr'><strong>hanc</strong></span> <span class='ocrx_word' id='word_1_125' title='bbox 886 1945 958 1987; x_wconf 92' lang='lat' dir='ltr'><strong>rem</strong></span> <span class='ocrx_word' id='word_1_126' title='bbox 980 1924 1160 2001; x_wconf 89' lang='lat' dir='ltr'><strong>revertar.)</strong></span> <span class='ocrx_word' id='word_1_127' title='bbox 1206 1921 1294 1987; x_wconf 85' lang='lat' dir='ltr'><strong>Rem</strong></span> 
     </span>
     <span class='ocr_line' id='line_1_18' title="bbox 144 2024 1294 2114; baseline 0.001 -22"><span class='ocrx_word' id='word_1_128' title='bbox 144 2025 208 2094; x_wconf 92' lang='lat' dir='ltr'><strong>hoc</strong></span> <span class='ocrx_word' id='word_1_129' title='bbox 230 2025 327 2092; x_wconf 90' lang='lat' dir='ltr'><strong>modo</strong></span> <span class='ocrx_word' id='word_1_130' title='bbox 351 2047 386 2091; x_wconf 91' lang='lat' dir='ltr'><strong>se</strong></span> <span class='ocrx_word' id='word_1_131' title='bbox 408 2024 566 2091; x_wconf 89' lang='lat' dir='ltr'><strong>habuisse</strong></span> <span class='ocrx_word' id='word_1_132' title='bbox 588 2026 804 2111; x_wconf 83' lang='lat' dir='ltr'><strong>cognoscitur</strong></span> <span class='ocrx_word' id='word_1_133' title='bbox 827 2049 868 2093; x_wconf 83' lang='lat' dir='ltr'><strong>ex</strong></span> <span class='ocrx_word' id='word_1_134' title='bbox 892 2026 1176 2114; x_wconf 84' lang='lat' dir='ltr'><strong>sarcophagorum</strong></span> <span class='ocrx_word' id='word_1_135' title='bbox 1192 2049 1294 2093; x_wconf 91' lang='lat' dir='ltr'><strong>orna-</strong></span> 
     </span>
     <span class='ocr_line' id='line_1_19' title="bbox 144 2129 1294 2219; baseline 0 -22"><span class='ocrx_word' id='word_1_136' title='bbox 144 2132 276 2198; x_wconf 87' lang='lat' dir='ltr'><strong>mentis.</strong></span> <span class='ocrx_word' id='word_1_137' title='bbox 321 2129 463 2196; x_wconf 84' lang='lat' dir='ltr'><strong>Nobiles</strong></span> <span class='ocrx_word' id='word_1_138' title='bbox 486 2130 573 2197; x_wconf 91' lang='lat' dir='ltr'><strong>enim</strong></span> <span class='ocrx_word' id='word_1_139' title='bbox 597 2130 672 2213; x_wconf 88' lang='lat' dir='ltr'><strong>viri,</strong></span> <span class='ocrx_word' id='word_1_140' title='bbox 705 2130 764 2218; x_wconf 91' lang='lat' dir='ltr'><strong>qui</strong></span> <span class='ocrx_word' id='word_1_141' title='bbox 794 2131 901 2199; x_wconf 91' lang='lat' dir='ltr'><strong>ineis</strong></span> <span class='ocrx_word' id='word_1_142' title='bbox 926 2131 1052 2219; x_wconf 89' lang='lat' dir='ltr'><strong>sepulti</strong></span> <span class='ocrx_word' id='word_1_143' title='bbox 1086 2134 1196 2211; x_wconf 89' lang='lat' dir='ltr'><strong>erant,</strong></span> <span class='ocrx_word' id='word_1_144' title='bbox 1230 2153 1294 2217; x_wconf 88' lang='lat' dir='ltr'><strong>per</strong></span> 
     </span>
     <span class='ocr_line' id='line_1_20' title="bbox 145 2234 1293 2323; baseline -0.001 -21"><span class='ocrx_word' id='word_1_145' title='bbox 145 2236 252 2303; x_wconf 90' lang='lat' dir='ltr'><strong>vitam</strong></span> <span class='ocrx_word' id='word_1_146' title='bbox 281 2234 429 2301; x_wconf 89' lang='lat' dir='ltr'><strong>libenter</strong></span> <span class='ocrx_word' id='word_1_147' title='bbox 452 2235 594 2301; x_wconf 85' lang='lat' dir='ltr'><strong>venatui</strong></span> <span class='ocrx_word' id='word_1_148' title='bbox 623 2234 731 2302; x_wconf 85' lang='lat' dir='ltr'><strong>dediti</strong></span> <span class='ocrx_word' id='word_1_149' title='bbox 752 2235 787 2301; x_wconf 90' lang='lat' dir='ltr'><strong>iu</strong></span> <span class='ocrx_word' id='word_1_150' title='bbox 816 2236 1101 2323; x_wconf 86' lang='lat' dir='ltr'><strong>sarcophagorum</strong></span> <span class='ocrx_word' id='word_1_151' title='bbox 1122 2234 1293 2301; x_wconf 89' lang='lat' dir='ltr'><strong>lateribus</strong></span> 
     </span>
     <span class='ocr_line' id='line_1_21' title="bbox 144 2339 1295 2426; baseline -0.001 -19"><span class='ocrx_word' id='word_1_152' title='bbox 144 2341 406 2408; x_wconf 89' lang='lat' dir='ltr'><strong>celebrabantur</strong></span> <span class='ocrx_word' id='word_1_153' title='bbox 443 2340 661 2406; x_wconf 87' lang='lat' dir='ltr'><strong>venationum</strong></span> <span class='ocrx_word' id='word_1_154' title='bbox 698 2339 910 2426; x_wconf 88' lang='lat' dir='ltr'><strong>imaginibus.</strong></span> <span class='ocrx_word' id='word_1_155' title='bbox 971 2339 1164 2406; x_wconf 86' lang='lat' dir='ltr'><strong>Accedebat</strong></span> <span class='ocrx_word' id='word_1_156' title='bbox 1201 2339 1295 2426; x_wconf 88' lang='lat' dir='ltr'><strong>quod</strong></span> 
     </span>
     <span class='ocr_line' id='line_1_22' title="bbox 145 2444 1293 2533; baseline 0.001 -23"><span class='ocrx_word' id='word_1_157' title='bbox 145 2445 342 2512; x_wconf 89' lang='lat' dir='ltr'><strong>venationes</strong></span> <span class='ocrx_word' id='word_1_158' title='bbox 364 2444 505 2509; x_wconf 89' lang='lat' dir='ltr'><strong>heroum</strong></span> <span class='ocrx_word' id='word_1_159' title='bbox 535 2444 666 2510; x_wconf 90' lang='lat' dir='ltr'><strong>omnino</strong></span> <span class='ocrx_word' id='word_1_160' title='bbox 690 2444 733 2511; x_wconf 93' lang='lat' dir='ltr'><strong>ad</strong></span> <span class='ocrx_word' id='word_1_161' title='bbox 764 2444 967 2533; x_wconf 88' lang='lat' dir='ltr'><strong>sepulcralia</strong></span> <span class='ocrx_word' id='word_1_162' title='bbox 997 2454 1194 2512; x_wconf 89' lang='lat' dir='ltr'><strong>ornamenta</strong></span> <span class='ocrx_word' id='word_1_163' title='bbox 1213 2466 1293 2530; x_wconf 89' lang='lat' dir='ltr'><strong>gra·</strong></span> 
     </span>
     <span class='ocr_line' id='line_1_23' title="bbox 143 2549 1293 2639; baseline -0.002 -21"><span class='ocrx_word' id='word_1_164' title='bbox 143 2556 201 2618; x_wconf 89' lang='lat' dir='ltr'><strong>tae</strong></span> <span class='ocrx_word' id='word_1_165' title='bbox 217 2557 252 2617; x_wconf 91' lang='lat' dir='ltr'><strong>et</strong></span> <span class='ocrx_word' id='word_1_166' title='bbox 275 2555 377 2638; x_wconf 89' lang='lat' dir='ltr'><strong>aptae</strong></span> <span class='ocrx_word' id='word_1_167' title='bbox 401 2549 614 2617; x_wconf 89' lang='lat' dir='ltr'><strong>videbantur.</strong></span> <span class='ocrx_word' id='word_1_168' title='bbox 660 2550 808 2618; x_wconf 87' lang='lat' dir='ltr'><strong>Materia</strong></span> <span class='ocrx_word' id='word_1_169' title='bbox 830 2551 1092 2639; x_wconf 88' lang='lat' dir='ltr'><strong>depromebatur</strong></span> <span class='ocrx_word' id='word_1_170' title='bbox 1109 2573 1151 2617; x_wconf 83' lang='lat' dir='ltr'><strong>ex</strong></span> <span class='ocrx_word' id='word_1_171' title='bbox 1165 2549 1293 2617; x_wconf 87' lang='lat' dir='ltr'><strong>fabulis</strong></span> 
     </span>
     <span class='ocr_line' id='line_1_24' title="bbox 142 2653 1294 2743; baseline -0.002 -20"><span class='ocrx_word' id='word_1_172' title='bbox 142 2656 306 2742; x_wconf 87' lang='lat' dir='ltr'><strong>Meleagri</strong></span> <span class='ocrx_word' id='word_1_173' title='bbox 328 2654 515 2742; x_wconf 89' lang='lat' dir='ltr'><strong>Hippolyti</strong></span> <span class='ocrx_word' id='word_1_174' title='bbox 539 2653 680 2743; x_wconf 86' lang='lat' dir='ltr'><strong>Cephali</strong></span> <span class='ocrx_word' id='word_1_175' title='bbox 702 2656 888 2723; x_wconf 85' lang='lat' dir='ltr'><strong>Actaeonis</strong></span> <span class='ocrx_word' id='word_1_176' title='bbox 921 2655 1066 2723; x_wconf 92' lang='lat' dir='ltr'><strong>aliorum</strong></span> <span class='ocrx_word' id='word_1_177' title='bbox 1098 2655 1156 2743; x_wconf 91' lang='lat' dir='ltr'><strong>qui</strong></span> <span class='ocrx_word' id='word_1_178' title='bbox 1190 2676 1294 2721; x_wconf 87' lang='lat' dir='ltr'><strong>vcna-</strong></span> 
     </span>
     <span class='ocr_line' id='line_1_25' title="bbox 142 2758 1295 2847; baseline -0.005 -17"><span class='ocrx_word' id='word_1_179' title='bbox 142 2766 236 2830; x_wconf 91' lang='lat' dir='ltr'><strong>tores</strong></span> <span class='ocrx_word' id='word_1_180' title='bbox 260 2762 393 2828; x_wconf 89' lang='lat' dir='ltr'><strong>strenui</strong></span> <span class='ocrx_word' id='word_1_181' title='bbox 415 2761 521 2827; x_wconf 87' lang='lat' dir='ltr'><strong>fuisse</strong></span> <span class='ocrx_word' id='word_1_182' title='bbox 545 2759 746 2827; x_wconf 87' lang='lat' dir='ltr'><strong>dicebantur</strong></span> <span class='ocrx_word' id='word_1_183' title='bbox 769 2765 805 2828; x_wconf 93' lang='lat' dir='ltr'><strong>et</strong></span> <span class='ocrx_word' id='word_1_184' title='bbox 827 2761 966 2828; x_wconf 86' lang='lat' dir='ltr'><strong>iuvenes</strong></span> <span class='ocrx_word' id='word_1_185' title='bbox 989 2764 1101 2828; x_wconf 89' lang='lat' dir='ltr'><strong>morte</strong></span> <span class='ocrx_word' id='word_1_186' title='bbox 1121 2758 1295 2847; x_wconf 89' lang='lat' dir='ltr'><strong>absumpti</strong></span> 
     </span>
     <span class='ocr_line' id='line_1_26' title="bbox 144 2864 1294 2952; baseline -0.003 -18"><span class='ocrx_word' id='word_1_187' title='bbox 144 2871 233 2934; x_wconf 90' lang='lat' dir='ltr'><strong>sunt.</strong></span> <span class='ocrx_word' id='word_1_188' title='bbox 279 2866 364 2933; x_wconf 88' lang='lat' dir='ltr'><strong>Post</strong></span> <span class='ocrx_word' id='word_1_189' title='bbox 397 2866 482 2933; x_wconf 90' lang='lat' dir='ltr'><strong>hanc</strong></span> <span class='ocrx_word' id='word_1_190' title='bbox 515 2865 758 2952; x_wconf 88' lang='lat' dir='ltr'><strong>digressionem</strong></span> <span class='ocrx_word' id='word_1_191' title='bbox 791 2866 891 2933; x_wconf 90' lang='lat' dir='ltr'><strong>redeo</strong></span> <span class='ocrx_word' id='word_1_192' title='bbox 927 2866 971 2933; x_wconf 91' lang='lat' dir='ltr'><strong>ad</strong></span> <span class='ocrx_word' id='word_1_193' title='bbox 1005 2866 1165 2952; x_wconf 86' lang='lat' dir='ltr'><strong>tragicos,</strong></span> <span class='ocrx_word' id='word_1_194' title='bbox 1184 2864 1294 2951; x_wconf 88' lang='lat' dir='ltr'><strong>apud</strong></span> 
     </span>
     <span class='ocr_line' id='line_1_27' title="bbox 146 2967 1292 3060; baseline -0.003 -22"><span class='ocrx_word' id='word_1_195' title='bbox 146 2996 228 3060; x_wconf 89' lang='lat' dir='ltr'><strong>quos</strong></span> <span class='ocrx_word' id='word_1_196' title='bbox 254 2967 358 3040; x_wconf 81' lang='lat' dir='ltr'><strong>etiam</strong></span> <span class='ocrx_word' id='word_1_197' title='bbox 387 2971 530 3037; x_wconf 90' lang='lat' dir='ltr'><strong>maiores</strong></span> <span class='ocrx_word' id='word_1_198' title='bbox 561 2971 785 3038; x_wconf 84' lang='lat' dir='ltr'><strong>difficultates</strong></span> <span class='ocrx_word' id='word_1_199' title='bbox 818 2976 920 3058; x_wconf 89' lang='lat' dir='ltr'><strong>parat</strong></span> <span class='ocrx_word' id='word_1_200' title='bbox 950 2971 1061 3039; x_wconf 88' lang='lat' dir='ltr'><strong>altera</strong></span> <span class='ocrx_word' id='word_1_201' title='bbox 1092 2993 1183 3059; x_wconf 86' lang='lat' dir='ltr'><strong>pars,</strong></span> <span class='ocrx_word' id='word_1_202' title='bbox 1217 2970 1292 3036; x_wconf 88' lang='lat' dir='ltr'><strong>dieo</strong></span> 
     </span>
     <span class='ocr_line' id='line_1_28' title="bbox 149 3074 1294 3165; baseline -0.003 -20"><span class='ocrx_word' id='word_1_203' title='bbox 149 3101 255 3160; x_wconf 87' lang='lat' dir='ltr'><strong>voees,</strong></span> <span class='ocrx_word' id='word_1_204' title='bbox 289 3098 372 3165; x_wconf 90' lang='lat' dir='ltr'><strong>quas</strong></span> <span class='ocrx_word' id='word_1_205' title='bbox 405 3099 447 3143; x_wconf 84' lang='lat' dir='ltr'><strong>ex</strong></span> <span class='ocrx_word' id='word_1_206' title='bbox 470 3098 622 3142; x_wconf 87' lang='lat' dir='ltr'><strong>sermone</strong></span> <span class='ocrx_word' id='word_1_207' title='bbox 655 3077 809 3143; x_wconf 86' lang='lat' dir='ltr'><strong>venatico</strong></span> <span class='ocrx_word' id='word_1_208' title='bbox 840 3078 875 3142; x_wconf 93' lang='lat' dir='ltr'><strong>in</strong></span> <span class='ocrx_word' id='word_1_209' title='bbox 897 3076 1101 3143; x_wconf 86' lang='lat' dir='ltr'><strong>cotidianum</strong></span> <span class='ocrx_word' id='word_1_210' title='bbox 1124 3074 1294 3142; x_wconf 88' lang='lat' dir='ltr'><strong>transisse</strong></span> 
     </span>
     <span class='ocr_line' id='line_1_29' title="bbox 147 3181 1293 3266; baseline -0.003 -16"><span class='ocrx_word' id='word_1_211' title='bbox 147 3183 332 3250; x_wconf 89' lang='lat' dir='ltr'><strong>verisimile</strong></span> <span class='ocrx_word' id='word_1_212' title='bbox 361 3185 423 3248; x_wconf 89' lang='lat' dir='ltr'><strong>est.</strong></span> <span class='ocrx_word' id='word_1_213' title='bbox 471 3181 600 3247; x_wconf 87' lang='lat' dir='ltr'><strong>Omitto</strong></span> <span class='ocrx_word' id='word_1_214' title='bbox 624 3183 731 3248; x_wconf 88' lang='lat' dir='ltr'><strong>verba</strong></span> <span class='ocrx_word' id='word_1_215' title='bbox 760 3181 856 3249; x_wconf 88' lang='lat' dir='ltr'><strong>velut</strong></span> <span class='ocrx_word' id='word_1_216' title='bbox 886 3184 995 3248; x_wconf 79' lang='grc' dir='ltr'><em>διώκω</em></span> <span class='ocrx_word' id='word_1_217' title='bbox 1019 3185 1055 3248; x_wconf 93' lang='lat' dir='ltr'><strong>et</strong></span> <span class='ocrx_word' id='word_1_218' title='bbox 1079 3184 1194 3266; x_wconf 80' lang='grc' dir='ltr'><em>φεύγω</em></span> <span class='ocrx_word' id='word_1_219' title='bbox 1217 3181 1293 3248; x_wconf 88' lang='lat' dir='ltr'><strong>sim.</strong></span> 
     </span>
     <span class='ocr_line' id='line_1_30' title="bbox 147 3286 1295 3376; baseline -0.001 -22"><span class='ocrx_word' id='word_1_220' title='bbox 147 3292 333 3376; x_wconf 90' lang='lat' dir='ltr'><strong>propterea</strong></span> <span class='ocrx_word' id='word_1_221' title='bbox 354 3286 444 3374; x_wconf 92' lang='lat' dir='ltr'><strong>quod</strong></span> <span class='ocrx_word' id='word_1_222' title='bbox 467 3308 583 3353; x_wconf 87' lang='lat' dir='ltr'><strong>ansam</strong></span> <span class='ocrx_word' id='word_1_223' title='bbox 605 3288 770 3374; x_wconf 90' lang='lat' dir='ltr'><strong>praebere</strong></span> <span class='ocrx_word' id='word_1_224' title='bbox 794 3309 861 3353; x_wconf 90' lang='lat' dir='ltr'><strong>non</strong></span> <span class='ocrx_word' id='word_1_225' title='bbox 884 3286 1052 3354; x_wconf 85' lang='lat' dir='ltr'><strong>videntur.</strong></span> <span class='ocrx_word' id='word_1_226' title='bbox 1098 3286 1165 3354; x_wconf 88' lang='lat' dir='ltr'><strong>Sed</strong></span> <span class='ocrx_word' id='word_1_227' title='bbox 1188 3286 1295 3353; x_wconf 89' lang='lat' dir='ltr'><strong>etiam</strong></span> 
     </span>
     <span class='ocr_line' id='line_1_31' title="bbox 148 3391 1295 3487; baseline -0.002 -27"><span class='ocrx_word' id='word_1_228' title='bbox 148 3393 323 3460; x_wconf 89' lang='lat' dir='ltr'><strong>derivatae</strong></span> <span class='ocrx_word' id='word_1_229' title='bbox 345 3413 452 3471; x_wconf 88' lang='lat' dir='ltr'><strong>voces,</strong></span> <span class='ocrx_word' id='word_1_230' title='bbox 488 3394 527 3457; x_wconf 92' lang='lat' dir='ltr'><strong>ut</strong></span> <span class='ocrx_word' id='word_1_231' title='bbox 561 3393 700 3487; x_wconf 75' lang='grc' dir='ltr'><strong><em>ὃίυγμα,</em></strong></span> <span class='ocrx_word' id='word_1_232' title='bbox 734 3391 799 3458; x_wconf 92' lang='lat' dir='ltr'><strong>huc</strong></span> <span class='ocrx_word' id='word_1_233' title='bbox 831 3391 1017 3479; x_wconf 89' lang='lat' dir='ltr'><strong>pertinent.</strong></span> <span class='ocrx_word' id='word_1_234' title='bbox 1070 3392 1109 3457; x_wconf 87' lang='lat' dir='ltr'><strong>E.</strong></span> <span class='ocrx_word' id='word_1_235' title='bbox 1133 3414 1165 3477; x_wconf 92' lang='lat' dir='ltr'><strong>g.</strong></span> <span class='ocrx_word' id='word_1_236' title='bbox 1201 3391 1295 3479; x_wconf 91' lang='lat' dir='ltr'><strong>apud</strong></span> 
     </span>
     <span class='ocr_line' id='line_1_32' title="bbox 146 3495 1293 3584; baseline -0.001 -19"><span class='ocrx_word' id='word_1_237' title='bbox 146 3496 357 3584; x_wconf 89' lang='lat' dir='ltr'><strong>Aeschylum</strong></span> <span class='ocrx_word' id='word_1_238' title='bbox 369 3496 421 3578; x_wconf 75' lang='lat'>¹¹⁸)</span> <span class='ocrx_word' id='word_1_239' title='bbox 446 3497 564 3562; x_wconf 91' lang='lat' dir='ltr'><strong>umbra</strong></span> <span class='ocrx_word' id='word_1_240' title='bbox 581 3495 853 3582; x_wconf 88' lang='lat' dir='ltr'><strong>Clytaemestrae</strong></span> <span class='ocrx_word' id='word_1_241' title='bbox 876 3497 1013 3564; x_wconf 90' lang='lat' dir='ltr'><strong>chorum</strong></span> <span class='ocrx_word' id='word_1_242' title='bbox 1033 3496 1217 3563; x_wconf 87' lang='lat' dir='ltr'><strong>Furiarum</strong></span> <span class='ocrx_word' id='word_1_243' title='bbox 1240 3496 1293 3564; x_wconf 88' lang='lat' dir='ltr'><strong>his</strong></span> 
     </span>
     <span class='ocr_line' id='line_1_33' title="bbox 146 3600 1294 3687; baseline 0 -18"><span class='ocrx_word' id='word_1_244' title='bbox 146 3603 258 3670; x_wconf 89' lang='lat' dir='ltr'><strong>verbis</strong></span> <span class='ocrx_word' id='word_1_245' title='bbox 283 3611 414 3668; x_wconf 90' lang='lat' dir='ltr'><strong>monet:</strong></span> <span class='ocrx_word' id='word_1_246' title='bbox 447 3600 531 3667; x_wconf 80' lang='grc' dir='ltr'><strong><em>ἕπου</em></strong></span> <span class='ocrx_word' id='word_1_247' title='bbox 552 3602 691 3685; x_wconf 80' lang='grc' dir='ltr'><em>μάραινε</em></span> <span class='ocrx_word' id='word_1_248' title='bbox 715 3603 886 3685; x_wconf 78' lang='grc' dir='ltr'><strong><em>δευτέροις</em></strong></span> <span class='ocrx_word' id='word_1_249' title='bbox 909 3605 1104 3687; x_wconf 79' lang='grc' dir='ltr'><em>διώγμασιν.</em></span> <span class='ocrx_word' id='word_1_250' title='bbox 1150 3601 1294 3669; x_wconf 85' lang='lat' dir='ltr'><strong>Venati-</strong></span> 
     </span>
     <span class='ocr_line' id='line_1_34' title="bbox 146 3708 1293 3796; baseline -0.002 -18"><span class='ocrx_word' id='word_1_251' title='bbox 146 3734 220 3778; x_wconf 93' lang='lat' dir='ltr'><strong>cum</strong></span> <span class='ocrx_word' id='word_1_252' title='bbox 236 3733 309 3778; x_wconf 91' lang='lat' dir='ltr'><strong>esse</strong></span> <span class='ocrx_word' id='word_1_253' title='bbox 330 3710 512 3776; x_wconf 90' lang='lat' dir='ltr'><strong>terminum</strong></span> <span class='ocrx_word' id='word_1_254' title='bbox 535 3708 789 3777; x_wconf 90' lang='lat' dir='ltr'><strong>demonstratur</strong></span> <span class='ocrx_word' id='word_1_255' title='bbox 804 3711 892 3777; x_wconf 92' lang='lat' dir='ltr'><strong>libro</strong></span> <span class='ocrx_word' id='word_1_256' title='bbox 910 3710 1117 3796; x_wconf 86' lang='lat' dir='ltr'><strong>Cynegetico</strong></span> <span class='ocrx_word' id='word_1_257' title='bbox 1134 3710 1293 3794; x_wconf 82' lang='lat' dir='ltr'><strong>Ps.-xen.,</strong></span> 
     </span>
     <span class='ocr_line' id='line_1_35' title="bbox 134 3813 1295 3903; baseline 0.001 -22"><span class='ocrx_word' id='word_1_258' title='bbox 134 3816 205 3903; x_wconf 89' lang='lat' dir='ltr'><strong>ubi</strong></span> <span class='ocrx_word' id='word_1_259' title='bbox 233 3816 275 3883; x_wconf 89' lang='lat' dir='ltr'><strong>de</strong></span> <span class='ocrx_word' id='word_1_260' title='bbox 307 3815 443 3881; x_wconf 90' lang='lat' dir='ltr'><strong>canibus</strong></span> <span class='ocrx_word' id='word_1_261' title='bbox 480 3813 677 3901; x_wconf 88' lang='lat' dir='ltr'><strong>quibusdam</strong></span> <span class='ocrx_word' id='word_1_262' title='bbox 711 3817 928 3883; x_wconf 86' lang='lat' dir='ltr'><strong>contenditur</strong></span> <span class='ocrx_word' id='word_1_263' title='bbox 944 3815 993 3900; x_wconf 80' lang='lat'>¹¹⁹)</span> <span class='ocrx_word' id='word_1_264' title='bbox 1027 3816 1148 3882; x_wconf 80' lang='grc' dir='ltr'><strong><em>πολλαὶ</em></strong></span> <span class='ocrx_word' id='word_1_265' title='bbox 1183 3815 1219 3882; x_wconf 75' lang='grc' dir='ltr'><strong>δὲ</strong></span> <span class='ocrx_word' id='word_1_266' title='bbox 1252 3819 1295 3882; x_wconf 78' lang='grc' dir='ltr'><strong>τὰ</strong></span> 
     </span>
    </p>
   </div>
   <div class='ocr_carea' id='block_1_3' title="bbox 145 3975 1291 4316">
    <p class='ocr_par' dir='ltr' id='par_1_3' title="bbox 145 3975 1291 4134">
     <span class='ocr_line' id='line_1_36' title="bbox 237 3975 1291 4046; baseline 0.002 -15"><span class='ocrx_word' id='word_1_267' title='bbox 237 3981 299 4046; x_wconf 90' lang='grc'>117)</span> <span class='ocrx_word' id='word_1_268' title='bbox 318 3975 354 4030; x_wconf 84' lang='lat' dir='ltr'><strong>cf.</strong></span> <span class='ocrx_word' id='word_1_269' title='bbox 373 3975 599 4030; x_wconf 87' lang='lat' dir='ltr'><strong>Ed.‘Schwartz:</strong></span> <span class='ocrx_word' id='word_1_270' title='bbox 627 3977 771 4031; x_wconf 87' lang='lat' dir='ltr'><strong>Theocrits</strong></span> <span class='ocrx_word' id='word_1_271' title='bbox 792 3979 922 4046; x_wconf 87' lang='lat' dir='ltr'><strong>Daphnis.</strong></span> <span class='ocrx_word' id='word_1_272' title='bbox 960 3977 1061 4032; x_wconf 87' lang='lat' dir='ltr'><strong>Nachr.</strong></span> <span class='ocrx_word' id='word_1_273' title='bbox 1081 3978 1106 4032; x_wconf 91' lang='lat' dir='ltr'><strong>d.</strong></span> <span class='ocrx_word' id='word_1_274' title='bbox 1127 3979 1159 4032; x_wconf 90' lang='lat' dir='ltr'><strong>K.</strong></span> <span class='ocrx_word' id='word_1_275' title='bbox 1181 3980 1244 4034; x_wconf 85' lang='lat' dir='ltr'><strong>Ges.</strong></span> <span class='ocrx_word' id='word_1_276' title='bbox 1264 3977 1291 4033; x_wconf 90' lang='lat' dir='ltr'><strong>d.</strong></span> 
     </span>
     <span class='ocr_line' id='line_1_37' title="bbox 145 4065 882 4134; baseline -0.001 -14"><span class='ocrx_word' id='word_1_277' title='bbox 145 4069 227 4122; x_wconf 89' lang='lat' dir='ltr'><strong>Wiss.</strong></span> <span class='ocrx_word' id='word_1_278' title='bbox 248 4086 270 4121; x_wconf 90' lang='lat' dir='ltr'><strong>z.</strong></span> <span class='ocrx_word' id='word_1_279' title='bbox 291 4067 447 4134; x_wconf 82' lang='lat' dir='ltr'><strong>Gdttingen.</strong></span> <span class='ocrx_word' id='word_1_280' title='bbox 487 4066 633 4120; x_wconf 84' lang='lat' dir='ltr'><strong>Phil-hist.</strong></span> <span class='ocrx_word' id='word_1_281' title='bbox 652 4065 695 4119; x_wconf 83' lang='grc' dir='ltr'><strong>ΙΙΙ.</strong></span> <span class='ocrx_word' id='word_1_282' title='bbox 720 4069 786 4120; x_wconf 88' lang='grc'><strong>1904</strong></span> <span class='ocrx_word' id='word_1_283' title='bbox 805 4083 839 4119; x_wconf 90' lang='lat' dir='ltr'><strong>no</strong></span> <span class='ocrx_word' id='word_1_284' title='bbox 859 4070 882 4119; x_wconf 86' lang='lat'><strong>4.</strong></span> 
     </span>
    </p>

    <p class='ocr_par' dir='ltr' id='par_1_4' title="bbox 236 4156 596 4225">
     <span class='ocr_line' id='line_1_38' title="bbox 236 4156 596 4225; baseline 0 -16"><span class='ocrx_word' id='word_1_285' title='bbox 236 4157 296 4225; x_wconf 82' lang='lat'>118)</span> <span class='ocrx_word' id='word_1_286' title='bbox 316 4156 415 4210; x_wconf 89' lang='lat' dir='ltr'><strong>Aesch.</strong></span> <span class='ocrx_word' id='word_1_287' title='bbox 436 4156 514 4209; x_wconf 85' lang='lat' dir='ltr'><strong>Eum.</strong></span> <span class='ocrx_word' id='word_1_288' title='bbox 538 4158 596 4209; x_wconf 84' lang='lat'><strong>139.</strong></span> 
     </span>
    </p>

    <p class='ocr_par' dir='ltr' id='par_1_5' title="bbox 236 4243 1255 4316">
     <span class='ocr_line' id='line_1_39' title="bbox 236 4243 1255 4316; baseline 0.002 -18"><span class='ocrx_word' id='word_1_289' title='bbox 236 4248 299 4314; x_wconf 79' lang='lat'>119)</span> <span class='ocrx_word' id='word_1_290' title='bbox 319 4245 382 4315; x_wconf 89' lang='lat' dir='ltr'><strong>Cyn.</strong></span> <span class='ocrx_word' id='word_1_291' title='bbox 403 4245 450 4312; x_wconf 88' lang='lat'>111,</span> <span class='ocrx_word' id='word_1_292' title='bbox 470 4248 495 4299; x_wconf 87' lang='grc'><strong>9.</strong></span> <span class='ocrx_word' id='word_1_293' title='bbox 527 4244 561 4299; x_wconf 89' lang='lat' dir='ltr'><strong>cf.</strong></span> <span class='ocrx_word' id='word_1_294' title='bbox 582 4245 648 4300; x_wconf 85' lang='lat' dir='ltr'><strong>Eur.</strong></span> <span class='ocrx_word' id='word_1_295' title='bbox 664 4245 744 4300; x_wconf 90' lang='lat' dir='ltr'><strong>Herc.</strong></span> <span class='ocrx_word' id='word_1_296' title='bbox 759 4249 811 4300; x_wconf 84' lang='lat'><strong>898</strong></span> <span class='ocrx_word' id='word_1_297' title='bbox 830 4253 983 4315; x_wconf 76' lang='grc' dir='ltr'><strong><em>κυναγετεῖ</em></strong></span> <span class='ocrx_word' id='word_1_298' title='bbox 996 4243 1103 4301; x_wconf 77' lang='grc' dir='ltr'><strong><em>τέκνων</em></strong></span> <span class='ocrx_word' id='word_1_299' title='bbox 1123 4244 1255 4316; x_wconf 76' lang='grc' dir='ltr'><em>διωγμόν.</em></span> 
     </span>
    </p>
   </div>
   <div class='ocr_carea' id='block_1_4' title="bbox 0 0 1447 4734">
    <p class='ocr_par' dir='ltr' id='par_1_6' title="bbox 0 0 1447 4734">
     <span class='ocr_line' id='line_1_40' title="bbox 0 0 1447 4734; baseline 0 0"><span class='ocrx_word' id='word_1_300' title='bbox 0 0 1447 4734; x_wconf 95' lang='lat' dir='ltr'><strong> </strong></span> 
     </span>
    </p>
   </div>
  </div>
 </body>
</html>
