2880 4734
656 214 677 280 3

186 390 290 457 Certe
313 389 482 457 Arrianus
507 387 721 457 Nicomediae
746 394 847 456 natus
879 392 1012 456 tantam
1035 393 1169 476 partem
1192 412 1243 456 or·

95 494 149 562 bis
172 499 345 562 terrarum
368 517 436 562 non
460 494 614 577 vidisset,
638 494 705 560 nisi
726 494 896 583 stipendia
918 495 1072 562 Romana
1094 495 1242 562 fecisset.

93 600 187 667 Idem
212 599 409 686 Ludolphus
435 599 599 687 Stephani
621 599 698 666 aliis
731 600 903 666 nonnullis
935 600 1018 667 locis
1041 599 1168 667 selecta
1190 622 1243 667 oa-

93 705 168 799 pita
203 705 255 772 rei
288 705 464 790 venaticae
497 705 673 783 tractavit,
711 727 752 771 ex
787 705 906 792 quibus
940 705 1078 792 scriptis
1110 705 1243 793 posteri

94 810 321 877 materiam
358 811 556 898 depromere
589 811 709 877 solent.
765 809 831 876 Sed
869 810 1117 898 opiniones,
1158 832 1241 896 quas

92 915 250 1002 protulit,
276 919 337 981 aut
358 916 581 982 monumentis
604 918 726 1003 postea
749 915 897 981 inventis
923 915 1131 982 refelluntur
1151 917 1193 998 (e.
1207 939 1240 1002 g.

93 1019 240 1085 nondum
267 1020 357 1087 retia
385 1020 643 1106 inimaginibus
666 1020 754 1105 nigr.
778 1020 834 1105 fig.
860 1019 1060 1106 recognovit
1083 1024 1118 1085 et
1140 1041 1241 1106 prop·

93 1129 191 1192 terea
214 1147 254 1191 ea
277 1125 330 1190 bic
352 1125 444 1212 picta
466 1147 539 1193 esse
561 1124 717 1210 negavit)
741 1128 801 1192 aut
823 1124 942 1191 melius
974 1124 1041 1190 alio
1064 1124 1138 1191 loco
1162 1126 1242 1190 sunt

93 1231 348 1317 pronuntiatae.
820 1241 822 1245 ’

182 1333 370 1401 Secundum
392 1335 502 1402 locum
524 1338 642 1401 teneat
664 1335 743 1401 Max
766 1335 880 1401 Miller
889 1335 917 1417 4)
941 1335 1160 1418 Monacensis,
1184 1335 1243 1422 qui

93 1439 203 1506 nitido
235 1439 351 1505 libello
385 1441 601 1527 antiquorum
623 1463 695 1506 rem
728 1440 917 1507 venaticam
952 1439 1118 1527 exposuit.
1165 1441 1243 1507 Non

93 1544 303 1631 argumentis
337 1545 458 1611 docere
493 1544 551 1610 sed
584 1544 730 1611 lectores
768 1545 940 1611 delectare
977 1546 1064 1611 vult.
1118 1545 1242 1632 ltaque

93 1645 288 1716 continuam
325 1648 469 1716 confecit
504 1650 765 1738 descriptionem
803 1650 947 1716 rationis
982 1654 1018 1716 et
1055 1655 1241 1737 apparatus

93 1753 254 1840 antiquae
277 1754 468 1821 venationis
491 1753 663 1821 aetatibus
687 1754 822 1820 minime
845 1754 1012 1822 discretis.

181 1858 329 1925 Ultimus
354 1858 436 1925 Otto
460 1859 579 1925 Manns
608 1860 719 1926 tribus
742 1859 870 1926 libellis
905 1860 946 1926 de
980 1882 1018 1925 re
1042 1859 1243 1946 cynegetica

94 1963 184 2051 apud
208 1963 354 2030 Graecos
379 1965 452 2051 egit
462 1963 497 2048 ⁵).
542 1963 721 2031 Materiam
749 1965 918 2052 disposuit
951 1967 987 2030 in
1009 1968 1125 2053 partes
1159 1969 1239 2047 tres,

94 2090 235 2155 quarum
264 2069 382 2154 prima,
415 2070 535 2156 quanti
565 2069 702 2136 venatio
732 2070 767 2134 in
798 2070 872 2137 vita
902 2070 1110 2138 Graecorum
1138 2069 1241 2136 aesti-

95 2180 187 2239 mata
211 2173 265 2256 sit,
296 2176 474 2259 narratur;
499 2175 611 2241 altera
634 2174 675 2240 de
697 2175 780 2241 feris
805 2175 937 2261 agitur;
972 2175 1079 2241 tertia
1102 2175 1142 2241 de
1165 2174 1240 2261 ipso

94 2280 222 2343 venatu
255 2279 450 2344 exercendo.
496 2279 549 2345 Ne
571 2278 689 2346 Manns
725 2279 858 2367 quidem
893 2280 928 2344 in
962 2279 1107 2346 materia
1142 2301 1241 2366 expo-

93 2381 203 2448 nenda
225 2386 378 2470 tempora
402 2383 610 2469 distinguere
633 2385 753 2451 voluit.
800 2384 867 2450 Sed
889 2385 1044 2471 ingratus
1070 2407 1187 2466 essem,
1212 2384 1242 2449 si

94 2486 167 2552 eius
184 2488 379 2574 opusculum
393 2489 493 2555 nimis
509 2490 748 2577 vituperarem,
772 2490 965 2577 imprudens
982 2490 1010 2556 si
1025 2489 1240 2576 despicerem.

95 2591 210 2659 Prima
240 2593 327 2659 enim
356 2601 455 2681 parte
489 2594 682 2661 continetur
715 2595 898 2682 praecipue
931 2593 976 2678 id,
1009 2595 1098 2682 quod
1128 2595 1240 2661 acrius

93 2696 302 2784 investigare
325 2699 406 2763 mihi
427 2699 463 2764 in
485 2699 595 2764 animo
619 2702 682 2764 est.
718 2699 910 2766 Abstinebo
934 2704 1048 2767 autem
1071 2722 1092 2766 a
1114 2699 1241 2766 fabulis
1303 2707 1304 2710 ’

94 2799 232 2867 deornm
264 2805 300 2869 et
329 2803 476 2886 heroum,
509 2804 646 2870 acultu
679 2809 714 2870 et
745 2805 995 2890 cognominibus
1026 2805 1167 2887 Dianae,
1198 2806 1241 2870 ab

94 2908 195 2973 armis
219 2910 255 2974 et
278 2907 484 2996 supellectili
506 2908 671 2975 venaticis
696 2909 936 2992 describendis,
960 2909 1026 2975 nisi
1050 2932 1104 2975 res
1124 2913 1241 2996 postu·

93 3011 189 3079 labit.
236 3012 323 3079 Nam
355 3013 437 3078 mihi
466 3016 626 3101 proposui
658 3015 698 3080 de
723 3015 836 3081 studio
870 3015 940 3082 solo
971 3015 1061 3102 apud
1092 3013 1240 3081 Graecos

94 3120 130 3183 ct
153 3116 323 3184 Romanos
347 3118 492 3185 venandi
515 3119 671 3201 scribere,
707 3141 847 3206 quocum
871 3120 1086 3186 coniunctum
1108 3120 1242 3207 quidem

93 3225 148 3288 est
170 3222 342 3308 inquirere
363 3223 399 3286 in
421 3223 520 3288 fidem
550 3223 734 3310 imaginum
767 3225 936 3292 artificum
968 3229 1005 3291 et
1036 3225 1242 3312 scriptorum

92 3325 283 3413 principum
306 3326 512 3393 Graecorum
535 3331 572 3393 et
586 3327 826 3411 Romanorum,
850 3333 967 3396 utrum
989 3353 1043 3396 res
1056 3329 1240 3397 'venaticas

94 3431 205 3517 operis
230 3431 298 3497 suis
321 3453 362 3497 ex
384 3431 459 3519 ipsa
482 3433 574 3499 vitae
606 3437 641 3501 et
671 3434 863 3501 venationis
894 3435 1106 3522 experientia
1135 3436 1241 3502 immi-

93 3535 260 3616 scuerint,
293 3557 337 3601 an
367 3535 568 3604 imitationis
599 3560 700 3604 causa
729 3560 750 3605 a
779 3539 949 3625 prioribus
981 3540 1240 3628 desumpserint.

92 3728 95 3734 .
184 3681 213 3746 4)
232 3678 299 3732 Max
326 3679 431 3734 Miller:
460 3680 517 3736 Das
545 3680 709 3750 Jagdvesen
737 3681 787 3738 der
818 3683 954 3738 Griechen
983 3683 1040 3738 und
1066 3685 1167 3740 Rbmer
1195 3684 1242 3738 fur

91 3767 219 3823 Frennde
239 3766 287 3823 des
305 3769 390 3824 klass.
410 3769 569 3826 Altertums.
607 3772 744 3826 Mbnchen
768 3776 842 3827 1883.

183 3859 212 3928 5)
232 3858 297 3912 Otto
310 3859 423 3914 Manno:
443 3860 539 3928 Progr.
554 3859 579 3914 d.
592 3861 626 3914 K.
637 3862 889 3932 Wilhelms-Gymn.
904 3865 933 3918 in
947 3865 1042 3919 cassel
1056 3868 1240 3924 rasa-1890.

92 3933 168 4000 llber
194 3945 238 4001 die
256 3947 330 4016 Jagd
355 3949 401 4003 bei
424 3947 477 4003 den
500 3950 642 4005 Griechen.
680 3950 774 4005 Prima
802 3968 867 4021 pars
892 3954 991 4009 iterum
1016 3952 1161 4008 dividitur:
1189 3953 1241 4008 Die

92 4034 166 4104 Jagd
184 4036 213 4092 in
231 4030 281 4094 der
301 4039 409 4094 G'o'tter·
427 4038 485 4095 und
500 4040 685 4109 Heroensage,
711 4040 747 4094 im
764 4041 865 4097 Kultus
889 4041 946 4097 und
969 4044 998 4097 in
1017 4041 1066 4098 der
1093 4042 1240 4097 bildenden

92 4123 184 4180 Kunst
203 4124 253 4181 der
272 4127 415 4184 Griechen.
435 4161 470 4170 -
488 4130 541 4183 Die
560 4130 685 4198 Stellnng
711 4129 760 4185 der
779 4129 852 4200 Jagd
877 4133 914 4186 im
932 4133 1026 4187 Leben
1052 4132 1099 4188 des
1125 4132 1241 4187 homeri·
1299 4162 1302 4168 ·

92 4213 331 4358 {ebenhdriechen
352 4250 386 4259 —
406 4220 458 4275 Die
471 4219 595 4288 Stellnng
614 4219 664 4274 der
676 4220 749 4290 Jagd
763 4221 800 4274 im
813 4222 907 4277 Leben
920 4221 968 4277 des
980 4223 1241 4278 nachhomerischen

118 4319 174 4359 nec
195 4320 236 4359 en.
450 4311 452 4314 ‘

987 4404 1077 4468 1*.
