2880 4734
685 262 706 328 5

121 439 221 526 ginta
252 438 371 506 dentes
400 460 562 526 aprorum
592 436 772 520 invenisse,
805 437 925 524 quibus
956 437 1028 504 sive
1059 440 1269 505 armamenta

121 567 294 632 equorum,
325 545 397 611 sive
418 543 534 630 galeas
557 543 711 610 virorum
733 542 876 610 fortium
900 545 1040 609 ornatas
1071 542 1176 609 fuisse
1198 542 1268 609 Ho-

121 649 207 716 meri
228 648 431 716 carminibus
455 649 606 716 traditur
617 648 672 736 12);
696 652 878 736 praeterea
896 646 1148 715 multitudinem
1163 650 1268 714 tesse-

120 775 234 820 rarum
258 776 318 821 seu
338 753 547 836 laminarum,
572 775 658 841 quae
675 776 716 820 ex
731 775 891 841 aprorum
905 752 1062 820 dentibus
1078 752 1268 819 fabricatae

122 866 246 925 essent.
617 873 620 879 ·

208 962 260 1030 De
293 963 389 1030 ibicis
421 968 549 1032 venatu
560 963 599 1050 ¹³)
630 985 801 1052 perpauca
832 962 987 1030 addenda
1018 966 1106 1030 sunt.
1161 961 1269 1043 Quem

122 1067 237 1135 eodem
268 1068 365 1136 modo
389 1092 453 1156 quo
487 1091 623 1136 cervum
654 1071 868 1136 venabantur
899 1071 1042 1156 propter
1074 1089 1210 1134 carnem
1232 1074 1268 1133 et

120 1172 252 1261 pellem,
284 1196 346 1240 nec
376 1175 485 1241 minus
508 1179 650 1262 propter
668 1195 816 1260 ,cornua
850 1175 969 1262 quibus
991 1174 1036 1240 ad
1067 1194 1164 1239 arcus
1192 1194 1269 1238 cou-

121 1278 304 1345 struendos
335 1280 460 1367 optime
487 1283 681 1347 utebantur.
728 1281 885 1366 Magnam
916 1301 1030 1346 eorum
1058 1286 1131 1344 tum
1153 1277 1268 1343 multi·

121 1382 273 1450 tudinem
294 1384 467 1452 exstitisse
488 1407 695 1471 gemmarum
706 1386 745 1471 14)
769 1389 804 1453 et
826 1385 1040 1452 vasculorum
1052 1382 1090 1469 15)
1113 1381 1268 1469 imagini·

120 1489 183 1555 bus
214 1489 415 1556 ostenditur.
461 1490 601 1557 Kellero
632 1490 824 1574 auctorem)
853 1489 976 1556 Graeci
1009 1487 1153 1555 omnium
1185 1490 1267 1554 tem·

120 1616 241 1681 porum
271 1595 476 1662 confundere
507 1596 776 1683 perseverabant
808 1594 928 1661 ibicem
961 1595 1096 1681 (graece
1130 1591 1268 1679 proprie

120 1697 249 1784 tiator)
286 1702 322 1766 et
357 1700 568 1787 rupicapram
598 1702 653 1787 (=
678 1700 800 1768 Gemse
835 1722 888 1786 gr.
919 1722 971 1786 pr.
1009 1695 1087 1782 αἶγα
1124 1695 1266 1783 ἄγριον).

120 1803 265 1870 Accedit
286 1804 436 1871 fortasse
459 1805 562 1872 etiam
585 1806 716 1894 capella
737 1806 773 1872 in
795 1804 970 1872 feritatem
994 1804 1101 1870 denuo
1125 1803 1267 1888 degene-

120 1911 209 1974 rata.
262 1908 338 1976 Uno
371 1911 504 1976 nomine
537 1913 611 1977 tres
643 1911 862 1999 appellantur
896 1917 1058 1994 otysypot.
1113 1908 1167 1973 Ex
1201 1927 1267 1994 qua

121 2012 316 2080 confusione
338 2036 437 2102 posse
460 2016 616 2102 cognosci
638 2023 738 2103 putat
760 2016 881 2083 Keller
903 2015 938 2080 in
961 2014 1037 2081 aliis
1062 2013 1265 2100 regionibus

98 2143 102 2152 ·
122 2139 204 2203 quas
221 2117 346 2186 Graeci
366 2119 609 2203 habitaverint,
633 2121 753 2188 ibicem
774 2121 881 2188 fuisse
902 2120 1143 2187 nobilissimam
1166 2139 1267 2184 vena·

120 2222 225 2288 tionis
247 2227 426 2293 montanae
449 2225 609 2312 praedam
631 2227 687 2293 vel
709 2226 804 2292 illam
826 2227 945 2308 feram,
969 2248 1069 2312 quam
1084 2224 1152 2290 viri
1176 2223 1267 2288 docti

121 2326 272 2414 ‘Paseng’
308 2331 491 2413 nominant,
526 2330 562 2396 in
593 2331 670 2397 aliis
702 2331 774 2397 sive
806 2331 1021 2419 rupicapram
1052 2331 1106 2415 (=
1131 2327 1266 2413 Gemse)

118 2431 190 2499 sive
212 2434 376 2520 capellam
399 2438 584 2503 efferatam.
629 2437 721 2503 Fera
737 2441 858 2521 autem,
885 2459 969 2524 quae
986 2434 1124 2523 proprie
1140 2433 1266 2499 dicitur

117 2535 204 2617 ibex,
240 2538 332 2605 cuius
356 2541 484 2629 species
508 2564 528 2608 a
550 2541 690 2608 Kellero
715 2541 750 2607 in
773 2565 850 2630 pag.
874 2545 917 2607 46
941 2543 1191 2622 enumerantur,
1222 2558 1266 2603 ne

118 2639 257 2710 heroica
279 2643 411 2731 quidem
427 2648 543 2713 aetate
559 2646 602 2713 ad
619 2646 784 2714 Graeciae
799 2651 930 2714 terram
946 2647 1175 2713 continentem
1189 2665 1265 2731 per·

118 2744 216 2813 tinet.
262 2746 300 2814 Si
322 2753 435 2816 tamen
455 2751 492 2816 in
514 2751 728 2818 vasculorum
761 2756 797 2818 et
826 2774 1032 2838 gemmarum
1062 2743 1265 2834 imaginibus

117 2850 218 2920 ibices
241 2855 472 2938 inveniuntur,
497 2857 559 2924 hac
582 2880 620 2924 re
642 2881 709 2925 nou
727 2859 836 2924 minus
852 2880 950 2945 quam
966 2856 1077 2923 cervis
1093 2853 1264 2942 palmatis,

118 2959 178 3044 qui
208 2959 348 3027 maculis
384 2961 469 3028 albis
506 2964 615 3050 sparsi
650 2968 739 3046 suut,
775 2969 811 3029 et
844 2963 990 3029 fortasse
1023 2961 1176 3027 leonibus
1213 2957 1265 3040 (de

118 3063 237 3150 quibus
260 3068 379 3153 postea
402 3067 513 3154 agam)
536 3068 740 3149 declaratur,
774 3091 873 3156 quam
895 3068 1104 3156 propinquae
1136 3064 1266 3131 fuerint

117 3169 212 3234 artes
244 3170 499 3256 antiquissimae
532 3170 697 3239 Graeciae
729 3176 765 3238 et
796 3171 900 3238 Asiae
936 3177 972 3237 et
1002 3170 1152 3235 Africae.
1206 3167 1265 3234 Sa·

117 3271 257 3358 gittarii
278 3297 372 3358 vero,
394 3280 434 3342 ut
457 3277 501 3344 ad
522 3299 595 3343 rem
618 3285 772 3365 coeptam
795 3276 940 3358 redeam,
973 3275 1009 3340 in
1030 3274 1171 3341 Homeri
1193 3273 1264 3360 qui·

118 3376 193 3443 dem
215 3378 418 3447 carminibus
440 3382 583 3447 multum
606 3382 734 3448 valent.
780 3380 1034 3447 Posterioribus
1050 3383 1164 3447 autem
1180 3382 1264 3444 tem·

116 3483 256 3569 poribus
278 3485 459 3572 praecipue
483 3486 586 3552 Creta
598 3486 636 3568 17)
667 3509 735 3553 nou
767 3485 873 3552 solum
894 3506 956 3573 per
990 3486 1100 3550 omnia
1131 3483 1266 3551 saecula

210 3644 255 3713 12)
275 3643 310 3698 cf.
330 3645 360 3700 Il.
381 3646 413 3714 X,
434 3649 485 3700 261
506 3663 566 3715 sqq.

208 3734 254 3802 13)
273 3734 364 3789 P.-ch.
385 3735 460 3790 Tom.
475 3737 520 3804 VI,
539 3736 577 3806 pl.
596 3737 669 3804 XVI,
689 3754 732 3792 no.
746 3741 786 3792 19.
805 3737 909 3792 Furta.
929 3737 1057 3791 Gemmas
1077 3735 1152 3789 Tom.
1166 3736 1187 3802 Ι,
1207 3733 1263 3787 tab.

117 3822 144 3874 11
175 3824 215 3876 15.

146 3862 152 3889 ’
209 3914 254 3982 14)
273 3910 363 3968 P.·Cb.
384 3915 458 3969 Tom.
479 3916 526 3978 VI,
546 3916 583 3983 pl.
603 3917 676 3983 XVI,
695 3932 730 3969 no
750 3919 767 3970 8
802 3916 905 3969 Furta.
925 3915 1053 3969 Gemmas
1072 3915 1106 3981 II,
1127 3917 1151 3968 8.

211 4005 255 4073 16)
275 4002 327 4073 frg.
345 4006 449 4059 vasculi
467 4005 592 4074 argentei
610 4007 701 4061 P.-Ch.
721 4005 797 4060 Tom.
811 4006 859 4073 VI,
878 4021 941 4073 pag.
960 4008 1020 4058 774,

210 4093 256 4164 16)
275 4092 305 4146 Ο,
325 4093 427 4163 Keller,
454 4093 535 4149 Tiere
558 4094 606 4150 des
631 4096 715 4151 klass.
734 4095 895 4162 Altertums,
920 4094 1074 4149 Iunsbruck
1096 4096 1172 4160 1887,
1200 4108 1263 4162 pag.

117 4185 184 4237 38⁸
225 4223 231 4234 .

187 4197 255 4340 ql7)
273 4271 305 4325 In
323 4272 419 4326 tabula
437 4276 524 4326 a'enea
541 4274 651 4343 septimi
669 4273 729 4328 fere
748 4273 851 4328 saeculi
874 4289 898 4328 a.
913 4274 961 4327 Ch.
975 4291 1010 4340 n,
1037 4287 1106 4339 quae
1132 4272 1161 4326 in
1182 4271 1265 4325 Creta

117 4365 161 4415 est
179 4358 287 4429 effossa,
307 4359 361 4415 duo
380 4361 433 4416 viri
451 4362 664 4432 conspiciuntur,
685 4380 799 4432 quorum
818 4363 890 4418 alter
908 4362 1006 4416 ibicem
1018 4361 1134 4417 necarit.
1173 4360 1213 4414 cf.
1229 4360 1264 4414 ad
