2880 4734
700 207 742 273 12

143 383 186 451 ad
210 382 353 450 tertium
376 404 492 469 genus,
524 382 561 448 in
584 402 648 469 quo
672 385 792 468 captus
820 379 1014 468 lepusculus
1038 384 1099 447 aut
1121 379 1295 447 caniculus

143 487 284 555 deliciae
308 490 389 554 sunt
410 508 593 574 puerorum
616 495 652 553 et
673 485 873 575 puellarum,
897 485 955 572 qui
977 484 1103 552 animal
1125 484 1296 572 quoddam

144 595 185 660 ab
209 591 418 660 amatoribus
441 591 528 658 dono
552 591 669 658 datum
692 591 871 680 accipiunt.

231 697 284 764 De
316 697 425 784 primo
456 719 582 784 genere
616 697 782 783 copiosius
815 697 887 783 egit
909 695 1048 783 primus,
1080 696 1148 762 nisi
1176 694 1295 776 fallor,

145 801 395 888 Loesohekeffl),
426 803 483 891 qui
506 804 628 870 seriem
651 803 833 888 imaginum
855 801 1018 889 produxit
1041 823 1083 867 ex
1107 803 1203 866 scuto
1224 799 1297 866 He-

147 907 234 974 siodi
260 930 366 994 nsque
389 907 432 973 ad
455 908 589 975 initium
621 909 732 996 quinti
755 906 889 974 saeculi.
935 905 1127 971 Nonnullae
1160 908 1298 971 senten-

146 1013 227 1094 tiae,
267 1034 351 1100 quae
385 1013 484 1080 hodie
519 1036 649 1102 quoqne
683 1013 810 1094 valent,
845 1013 950 1078 verbo
993 1014 1093 1078 tenus
1129 1010 1297 1077 citantur:

147 1158 190 1166 —
213 1157 256 1167 —
280 1117 346 1184 Die
367 1117 566 1206 Hasenjagd
598 1120 646 1186 ist
678 1120 771 1186 einer
795 1119 855 1186 der
878 1119 1033 1204 wcnigen
1063 1115 1298 1203 aussermythi-

150 1224 251 1290 schen
274 1223 523 1309 Gegenstalnde,
552 1224 656 1290 deren
679 1224 834 1312 typische
856 1223 1207 1310 Darstellungsweise
1230 1221 1298 1288 wir

150 1352 216 1395 von
238 1328 305 1395 den
326 1328 510 1416 Anfangen
531 1330 592 1397 der
615 1329 849 1416 griechischen
862 1330 982 1396 Kunst
1003 1329 1055 1395 bis
1078 1329 1130 1394 ins
1146 1328 1176 1393 5.
1193 1324 1298 1393 Jahr-

149 1432 298 1500 hundert
329 1455 372 1499 an
403 1435 497 1501 einer
528 1433 790 1521 geschlossenen
811 1434 921 1501 Reihe
943 1433 1121 1518 verfolgen
1150 1431 1298 1498 kdnnen.

238 1538 304 1605 Die
337 1539 494 1626 typische
527 1539 876 1625 Darstellungsweise
910 1538 971 1605 der
1008 1535 1202 1624 Hasenjagd
1235 1534 1324 1601 hat·

151 1645 232 1711 aber
267 1644 353 1711 noch
386 1645 460 1711 eine
486 1644 764 1731 Vorgeschichte,
799 1644 852 1710 die
884 1645 968 1710 iiber
999 1643 1053 1709 die
1085 1641 1204 1707 Zeiten
1236 1639 1301 1706 der

150 1748 395 1816 Hesiodischen
418 1750 698 1834 Schilddichtung
721 1748 970 1815 zuriiclrreicht.

239 1855 477 1942 Explicatione
510 1877 596 1941 quae
619 1855 700 1921 haec
722 1857 829 1922 verba
853 1853 1007 1941 sequitur
1029 1849 1221 1918 Loeschche
1245 1871 1301 1915 ra·

150 1959 278 2026 tionem
288 1959 454 2026 Graecam
466 1959 577 2027 refert
589 1959 632 2027 ad
643 1961 810 2027 rationem
822 1959 1045 2040 vasculorum,
1058 1979 1143 2045 quae
1156 1954 1303 2021 Phoeni-

153 2086 207 2131 ces
231 2086 273 2130 ex
295 2065 434 2131 metallo
457 2064 628 2132 fabricare
651 2065 815 2132 solebant.
859 2065 998 2130 Duobus
1022 2062 1109 2129 enim
1132 2059 1302 2147 exempla·

153 2169 248 2236 ribus
265 2169 300 2235 in
315 2169 398 2236 Nini
411 2170 507 2236 urbis
524 2170 631 2237 ruinis
647 2171 796 2237 inventis
812 2169 1015 2237 exhibentur
1038 2167 1149 2234 altero
1166 2164 1303 2252 quidem

154 2280 334 2362 separatae
365 2297 470 2342 zonae
504 2275 657 2364 leporum
691 2279 727 2343 et
756 2297 883 2358 canum,
919 2274 1030 2341 altero
1065 2274 1178 2338 autem
1212 2291 1300 2334 zona

154 2401 272 2446 canum
305 2384 340 2448 et
370 2380 522 2469 leporum
553 2383 737 2448 mixtorum
746 2380 797 2466 44).
842 2379 969 2446 Parum
1001 2377 1184 2462 diligenter
1215 2374 1300 2441 dicit

156 2484 379 2570 Boehlau⁴⁵):
403 2486 445 2551 In
467 2487 596 2553 duabus
620 2487 748 2573 pateris
772 2485 884 2551 a'c‘neis
903 2484 985 2551 Nini
1007 2483 1101 2548 urbis
1124 2481 1256 2569 lepores
1281 2502 1302 2546 a

156 2591 292 2656 canibus
316 2591 571 2677 propulsantur.
617 2590 809 2658 Locschclre
832 2593 953 2677 postea
966 2587 1083 2676 pergit
1097 2586 1150 2653 his
1165 2585 1300 2653 verbis:

242 2695 344 2762 Diese
368 2698 450 2762 aber
472 2696 650 2762 immerhin
670 2695 756 2762 noch
780 2694 1013 2763 ornamentale
1029 2692 1169 2780 Gruppe
1192 2690 1302 2757 bildet

154 2801 220 2868 den
256 2801 370 2867 fasten
407 2802 522 2883 Kern,
565 2825 621 2867 nm
657 2802 722 2868 deu
761 2800 832 2868 sich
867 2803 970 2866 unter
1009 2797 1206 2864 Hiuzntritt
1243 2796 1303 2862 der

154 2906 466 2992 Menschengestalt
511 2907 565 2974 die
609 2905 819 2992 griechische
856 2900 1202 2988 Darstcllnngsweise
1241 2899 1303 2966 der

154 3010 352 3098 Hasenjagd
375 3012 689 3099 anskrystallisiert
712 3013 783 3078 hat.
821 3010 896 3093 Qua
918 3009 960 3076 de
983 3028 1084 3074 causa
1098 3007 1228 3072 factum
1245 3006 1301 3087 sit,

154 3121 195 3182 ut
224 3118 305 3184 haec
336 3119 412 3204 ipsa
445 3118 556 3184 forma
587 3117 778 3184 venationis
810 3138 873 3202 per
897 3115 1031 3181 saecula
1054 3114 1221 3193 occurrat,
1256 3111 1305 3176 sic

156 3223 295 3311 exponit
317 3223 372 3288 L.:

244 3326 447 3415 Diejenigen
482 3327 611 3394 Scenen
644 3325 813 3393 erhielten
849 3327 951 3390 nuter
987 3322 1169 3389 dehorativ
1208 3325 1306 3388 sonst

156 3432 267 3519 gleich
290 3432 560 3500 verwendbaren
582 3432 647 3498 den
670 3431 822 3515 Vorzug,
847 3429 901 3494 die
924 3427 995 3493 sich
1017 3428 1080 3493 mit
1103 3425 1205 3492 sehon
1227 3448 1305 3492 vor-

157 3538 335 3605 handenen
362 3538 430 3603 und
462 3538 527 3603 den
548 3537 809 3605 Handwerhern
837 3533 1029 3621 geldnfigen
1052 3533 1202 3618 Figureu
1231 3553 1306 3597 aus·

158 3644 309 3712 driiclren
340 3643 452 3710 liessen
484 3642 566 3709 oder
589 3642 795 3728 wenigstens
825 3662 892 3706 nur
924 3639 998 3705 eine
1028 3638 1169 3723 geringe
1200 3635 1307 3701 Modi-

158 3750 302 3817 fikation
326 3748 546 3815 erheischten.

247 3856 328 3921 lure
360 3852 536 3921 contendit
558 3854 596 3918 L.
619 3853 767 3920 minores
799 3851 1014 3920 vasculorum
1045 3847 1192 3934 pictores
1225 3866 1306 3911 raro

162 3961 219 4028 vel
241 3960 355 4047 potius
379 3981 547 4046 nunquam
571 3979 610 4025 ea
633 3958 769 4045 quaein
785 3959 858 4024 vita
874 3954 977 4021 oculis
994 3953 1147 4020 viderint
1161 3950 1308 4031 finxisse,

248 4122 294 4188 43)
314 4120 397 4173 Arch.
416 4120 477 4189 Ztg.
499 4124 565 4175 1881
586 4135 647 4190 pag.
668 4123 702 4174 33
722 4132 782 4186 sqq.

249 4208 297 4278 44)
316 4207 441 4280 Layard:
462 4209 635 4264 Monuments
655 4207 687 4262 of
703 4206 821 4262 Niniveh
840 4203 941 4260 second
961 4202 1047 4258 series
1066 4200 1103 4268 pl.
1124 4203 1157 4255 61
1178 4204 1205 4254 et
1223 4201 1265 4253 64.

249 4301 296 4372 45)
316 4298 412 4354 Jahrb.
431 4297 458 4352 d.
477 4299 560 4354 Arch.
579 4298 645 4353 Inst.
665 4301 682 4353 2
701 4299 794 4368 (1887)
813 4310 875 4364 pag.
896 4296 945 4349 191
966 4290 1029 4347 adn.
1049 4294 1092 4344 30.
