<?xml version="1.0" encoding="UTF-8"?>
<!DOCTYPE html PUBLIC "-//W3C//DTD XHTML 1.0 Transitional//EN"
    "http://www.w3.org/TR/xhtml1/DTD/xhtml1-transitional.dtd">
<html xmlns="http://www.w3.org/1999/xhtml" xml:lang="en" lang="en">
 <head>
  <title>
</title>
<meta http-equiv="Content-Type" content="text/html;charset=utf-8" />
  <meta name='ocr-system' content='tesseract 3.04.00' />
  <meta name='ocr-capabilities' content='ocr_page ocr_carea ocr_par ocr_line ocrx_word'/>
</head>
<body>
  <div class='ocr_page' id='page_1' title='image "./destudiovenandi00johagoog_0057.png"; bbox 0 0 2880 4734; ppageno 0'>
   <div class='ocr_carea' id='block_1_1' title="bbox 770 213 813 279">
    <p class='ocr_par' dir='ltr' id='par_1_1' title="bbox 770 213 813 279">
     <span class='ocr_line' id='line_1_1' title="bbox 770 213 813 279; baseline 0 0"><span class='ocrx_word' id='word_1_1' title='bbox 770 213 813 279; x_wconf 88' lang='grc'>48</span> 
     </span>
    </p>
   </div>
   <div class='ocr_carea' id='block_1_2' title="bbox 658 388 918 457">
    <p class='ocr_par' dir='ltr' id='par_1_2' title="bbox 658 388 918 457">
     <span class='ocr_line' id='line_1_2' title="bbox 658 388 918 457; baseline -0.008 -1"><span class='ocrx_word' id='word_1_2' title='bbox 658 388 918 457; x_wconf 80' lang='lat' dir='ltr'>Conclusio.</span> 
     </span>
    </p>
   </div>
   <div class='ocr_carea' id='block_1_3' title="bbox 218 527 1368 1668">
    <p class='ocr_par' dir='ltr' id='par_1_3' title="bbox 218 527 1368 1668">
     <span class='ocr_line' id='line_1_3' title="bbox 306 527 1365 618; baseline 0.001 -24"><span class='ocrx_word' id='word_1_3' title='bbox 306 527 404 595; x_wconf 85' lang='lat' dir='ltr'>Nunc</span> <span class='ocrx_word' id='word_1_4' title='bbox 426 530 540 616; x_wconf 80' lang='lat' dir='ltr'><strong>paucis</strong></span> <span class='ocrx_word' id='word_1_5' title='bbox 569 529 684 596; x_wconf 91' lang='lat' dir='ltr'>verbis</span> <span class='ocrx_word' id='word_1_6' title='bbox 712 533 905 618; x_wconf 77' lang='lat' dir='ltr'><strong>repetamus</strong></span> <span class='ocrx_word' id='word_1_7' title='bbox 936 551 1021 617; x_wconf 90' lang='lat' dir='ltr'>qnae</span> <span class='ocrx_word' id='word_1_8' title='bbox 1050 528 1091 596; x_wconf 92' lang='lat' dir='ltr'>de</span> <span class='ocrx_word' id='word_1_9' title='bbox 1121 528 1234 596; x_wconf 89' lang='lat' dir='ltr'>studio</span> <span class='ocrx_word' id='word_1_10' title='bbox 1259 528 1365 596; x_wconf 86' lang='lat' dir='ltr'>Athe·</span> 
     </span>
     <span class='ocr_line' id='line_1_4' title="bbox 221 632 1366 722; baseline 0 -23"><span class='ocrx_word' id='word_1_11' title='bbox 221 632 385 701; x_wconf 88' lang='lat' dir='ltr'>niensium</span> <span class='ocrx_word' id='word_1_12' title='bbox 401 655 442 698; x_wconf 87' lang='lat' dir='ltr'>ex</span> <span class='ocrx_word' id='word_1_13' title='bbox 458 635 679 703; x_wconf 80' lang='lat' dir='ltr'><strong>monumentis</strong></span> <span class='ocrx_word' id='word_1_14' title='bbox 696 639 732 702; x_wconf 90' lang='lat' dir='ltr'>et</span> <span class='ocrx_word' id='word_1_15' title='bbox 755 635 978 722; x_wconf 78' lang='lat' dir='ltr'>scriptoribus</span> <span class='ocrx_word' id='word_1_16' title='bbox 1001 633 1187 701; x_wconf 89' lang='lat' dir='ltr'>didicimus.</span> <span class='ocrx_word' id='word_1_17' title='bbox 1233 634 1366 721; x_wconf 86' lang='lat' dir='ltr'>Negari</span> 
     </span>
     <span class='ocr_line' id='line_1_5' title="bbox 219 737 1365 826; baseline 0 -21"><span class='ocrx_word' id='word_1_18' title='bbox 219 737 338 826; x_wconf 93' lang='lat' dir='ltr'>nequit</span> <span class='ocrx_word' id='word_1_19' title='bbox 352 739 506 806; x_wconf 88' lang='lat' dir='ltr'>Atticam</span> <span class='ocrx_word' id='word_1_20' title='bbox 529 749 657 806; x_wconf 89' lang='lat' dir='ltr'>terram</span> <span class='ocrx_word' id='word_1_21' title='bbox 681 739 760 807; x_wconf 92' lang='lat' dir='ltr'>olim</span> <span class='ocrx_word' id='word_1_22' title='bbox 783 739 879 806; x_wconf 86' lang='lat' dir='ltr'>silvis</span> <span class='ocrx_word' id='word_1_23' title='bbox 903 743 940 807; x_wconf 90' lang='lat' dir='ltr'>et</span> <span class='ocrx_word' id='word_1_24' title='bbox 963 739 1107 807; x_wconf 88' lang='lat' dir='ltr'>saltibus</span> <span class='ocrx_word' id='word_1_25' title='bbox 1127 738 1365 821; x_wconf 79' lang='lat' dir='ltr'>abundavisse,</span> 
     </span>
     <span class='ocr_line' id='line_1_6' title="bbox 220 843 1367 932; baseline 0.001 -22"><span class='ocrx_word' id='word_1_26' title='bbox 220 843 257 910; x_wconf 91' lang='lat' dir='ltr'>in</span> <span class='ocrx_word' id='word_1_27' title='bbox 279 845 399 931; x_wconf 91' lang='lat' dir='ltr'>quibus</span> <span class='ocrx_word' id='word_1_28' title='bbox 422 844 515 911; x_wconf 92' lang='lat' dir='ltr'>cervi</span> <span class='ocrx_word' id='word_1_29' title='bbox 537 845 614 932; x_wconf 90' lang='lat' dir='ltr'>apri</span> <span class='ocrx_word' id='word_1_30' title='bbox 637 844 730 932; x_wconf 90' lang='lat' dir='ltr'>capri</span> <span class='ocrx_word' id='word_1_31' title='bbox 745 845 887 930; x_wconf 83' lang='lat' dir='ltr'>aegagri</span> <span class='ocrx_word' id='word_1_32' title='bbox 902 844 1035 932; x_wconf 90' lang='lat' dir='ltr'>lepores</span> <span class='ocrx_word' id='word_1_33' title='bbox 1051 845 1263 912; x_wconf 90' lang='lat' dir='ltr'>babitabant.</span> <span class='ocrx_word' id='word_1_34' title='bbox 1298 843 1367 911; x_wconf 91' lang='lat' dir='ltr'>Sed</span> 
     </span>
     <span class='ocr_line' id='line_1_7' title="bbox 221 948 1366 1036; baseline 0.001 -22"><span class='ocrx_word' id='word_1_35' title='bbox 221 948 352 1016; x_wconf 90' lang='lat' dir='ltr'>incolae</span> <span class='ocrx_word' id='word_1_36' title='bbox 374 949 514 1017; x_wconf 82' lang='lat' dir='ltr'>Atticae</span> <span class='ocrx_word' id='word_1_37' title='bbox 536 949 581 1017; x_wconf 91' lang='lat' dir='ltr'>ad</span> <span class='ocrx_word' id='word_1_38' title='bbox 603 954 764 1017; x_wconf 90' lang='lat' dir='ltr'>venatum</span> <span class='ocrx_word' id='word_1_39' title='bbox 785 973 852 1016; x_wconf 91' lang='lat' dir='ltr'>non</span> <span class='ocrx_word' id='word_1_40' title='bbox 875 957 976 1016; x_wconf 88' lang='lat' dir='ltr'>erant</span> <span class='ocrx_word' id='word_1_41' title='bbox 996 949 1119 1016; x_wconf 89' lang='lat' dir='ltr'>idonei.</span> <span class='ocrx_word' id='word_1_42' title='bbox 1152 948 1240 1017; x_wconf 51' lang='lat' dir='ltr'>¹Aut</span> <span class='ocrx_word' id='word_1_43' title='bbox 1262 971 1366 1036; x_wconf 87' lang='lat' dir='ltr'>agros</span> 
     </span>
     <span class='ocr_line' id='line_1_8' title="bbox 223 1053 1366 1142; baseline 0 -22"><span class='ocrx_word' id='word_1_44' title='bbox 223 1053 402 1121; x_wconf 90' lang='lat' dir='ltr'>coluerunt</span> <span class='ocrx_word' id='word_1_45' title='bbox 424 1060 485 1121; x_wconf 91' lang='lat' dir='ltr'>aut</span> <span class='ocrx_word' id='word_1_46' title='bbox 508 1054 596 1122; x_wconf 90' lang='lat' dir='ltr'>vites</span> <span class='ocrx_word' id='word_1_47' title='bbox 619 1061 680 1122; x_wconf 90' lang='lat' dir='ltr'>aut</span> <span class='ocrx_word' id='word_1_48' title='bbox 703 1055 803 1122; x_wconf 89' lang='lat' dir='ltr'>oleas.</span> <span class='ocrx_word' id='word_1_49' title='bbox 842 1055 885 1120; x_wconf 92' lang='lat' dir='ltr'>In</span> <span class='ocrx_word' id='word_1_50' title='bbox 906 1054 1077 1121; x_wconf 91' lang='lat' dir='ltr'>montibus</span> <span class='ocrx_word' id='word_1_51' title='bbox 1101 1076 1225 1142; x_wconf 84' lang='lat' dir='ltr'>greges</span> <span class='ocrx_word' id='word_1_52' title='bbox 1250 1075 1366 1142; x_wconf 88' lang='lat' dir='ltr'>capra·</span> 
     </span>
     <span class='ocr_line' id='line_1_9' title="bbox 219 1159 1368 1247; baseline 0.001 -23"><span class='ocrx_word' id='word_1_53' title='bbox 219 1180 294 1224; x_wconf 92' lang='lat' dir='ltr'>rum</span> <span class='ocrx_word' id='word_1_54' title='bbox 316 1163 567 1227; x_wconf 85' lang='lat' dir='ltr'>mansuetarum</span> <span class='ocrx_word' id='word_1_55' title='bbox 592 1160 711 1246; x_wconf 89' lang='lat' dir='ltr'>vagari</span> <span class='ocrx_word' id='word_1_56' title='bbox 734 1159 927 1226; x_wconf 88' lang='lat' dir='ltr'>maluerunt</span> <span class='ocrx_word' id='word_1_57' title='bbox 957 1182 1056 1247; x_wconf 89' lang='lat' dir='ltr'>quam</span> <span class='ocrx_word' id='word_1_58' title='bbox 1086 1159 1245 1227; x_wconf 85' lang='lat' dir='ltr'>ferarum.</span> <span class='ocrx_word' id='word_1_59' title='bbox 1292 1160 1368 1225; x_wconf 87' lang='lat' dir='ltr'>Ita·</span> 
     </span>
     <span class='ocr_line' id='line_1_10' title="bbox 222 1262 1366 1352; baseline -0.001 -23"><span class='ocrx_word' id='word_1_60' title='bbox 222 1285 286 1349; x_wconf 89' lang='lat' dir='ltr'>que</span> <span class='ocrx_word' id='word_1_61' title='bbox 308 1263 404 1332; x_wconf 86' lang='lat' dir='ltr'>ferae</span> <span class='ocrx_word' id='word_1_62' title='bbox 425 1264 461 1330; x_wconf 92' lang='lat' dir='ltr'>in</span> <span class='ocrx_word' id='word_1_63' title='bbox 484 1269 614 1331; x_wconf 87' lang='lat' dir='ltr'>montes</span> <span class='ocrx_word' id='word_1_64' title='bbox 637 1264 746 1331; x_wconf 91' lang='lat' dir='ltr'>invios</span> <span class='ocrx_word' id='word_1_65' title='bbox 770 1265 877 1352; x_wconf 84' lang='lat' dir='ltr'>magis</span> <span class='ocrx_word' id='word_1_66' title='bbox 900 1264 1075 1352; x_wconf 87' lang='lat' dir='ltr'>magisque</span> <span class='ocrx_word' id='word_1_67' title='bbox 1097 1262 1366 1351; x_wconf 78' lang='lat' dir='ltr'>repellebantur.</span> 
     </span>
     <span class='ocr_line' id='line_1_11' title="bbox 219 1367 1366 1456; baseline 0.003 -24"><span class='ocrx_word' id='word_1_68' title='bbox 219 1367 346 1436; x_wconf 81' lang='lat' dir='ltr'>Tamen</span> <span class='ocrx_word' id='word_1_69' title='bbox 367 1368 403 1434; x_wconf 93' lang='lat' dir='ltr'>in</span> <span class='ocrx_word' id='word_1_70' title='bbox 426 1371 561 1436; x_wconf 86' lang='lat' dir='ltr'>vasibus</span> <span class='ocrx_word' id='word_1_71' title='bbox 584 1370 671 1454; x_wconf 85' lang='lat' dir='ltr'>nigr.</span> <span class='ocrx_word' id='word_1_72' title='bbox 696 1370 753 1456; x_wconf 86' lang='lat' dir='ltr'>fig.</span> <span class='ocrx_word' id='word_1_73' title='bbox 776 1369 905 1437; x_wconf 91' lang='lat' dir='ltr'>nobiles</span> <span class='ocrx_word' id='word_1_74' title='bbox 928 1369 1171 1449; x_wconf 80' lang='lat' dir='ltr'>adulescentes,</span> <span class='ocrx_word' id='word_1_75' title='bbox 1195 1368 1255 1455; x_wconf 90' lang='lat' dir='ltr'>qui</span> <span class='ocrx_word' id='word_1_76' title='bbox 1269 1368 1366 1456; x_wconf 91' lang='lat' dir='ltr'>equis</span> 
     </span>
     <span class='ocr_line' id='line_1_12' title="bbox 218 1474 1366 1560; baseline 0.002 -22"><span class='ocrx_word' id='word_1_77' title='bbox 218 1476 379 1553; x_wconf 88' lang='lat' dir='ltr'>utuntur,</span> <span class='ocrx_word' id='word_1_78' title='bbox 427 1496 546 1542; x_wconf 88' lang='lat' dir='ltr'>cervos</span> <span class='ocrx_word' id='word_1_79' title='bbox 587 1474 774 1541; x_wconf 87' lang='lat' dir='ltr'>iaculantes</span> <span class='ocrx_word' id='word_1_80' title='bbox 820 1474 981 1542; x_wconf 90' lang='lat' dir='ltr'>videmus.</span> <span class='ocrx_word' id='word_1_81' title='bbox 1046 1475 1202 1540; x_wconf 82' lang='lat' dir='ltr'>Exeunte</span> <span class='ocrx_word' id='word_1_82' title='bbox 1244 1475 1366 1560; x_wconf 89' lang='lat' dir='ltr'>quinto</span> 
     </span>
     <span class='ocr_line' id='line_1_13' title="bbox 219 1579 1366 1668; baseline -0.001 -23"><span class='ocrx_word' id='word_1_83' title='bbox 219 1580 351 1647; x_wconf 89' lang='lat' dir='ltr'>saeculo</span> <span class='ocrx_word' id='word_1_84' title='bbox 386 1602 468 1667; x_wconf 89' lang='lat' dir='ltr'>aper</span> <span class='ocrx_word' id='word_1_85' title='bbox 499 1602 630 1668; x_wconf 90' lang='lat' dir='ltr'>quoque</span> <span class='ocrx_word' id='word_1_86' title='bbox 661 1579 831 1648; x_wconf 89' lang='lat' dir='ltr'>interdum</span> <span class='ocrx_word' id='word_1_87' title='bbox 862 1580 991 1668; x_wconf 89' lang='lat' dir='ltr'>praeda</span> <span class='ocrx_word' id='word_1_88' title='bbox 1022 1583 1224 1647; x_wconf 91' lang='lat' dir='ltr'>venatorum</span> <span class='ocrx_word' id='word_1_89' title='bbox 1258 1579 1366 1647; x_wconf 86' lang='lat' dir='ltr'>fuisse</span> 
     </span>
    </p>
   </div>
   <div class='ocr_carea' id='block_1_4' title="bbox 217 1683 1366 2300">
    <p class='ocr_par' dir='ltr' id='par_1_4' title="bbox 217 1683 1366 2300">
     <span class='ocr_line' id='line_1_14' title="bbox 219 1683 1366 1774; baseline 0 -24"><span class='ocrx_word' id='word_1_90' title='bbox 219 1683 367 1752; x_wconf 92' lang='lat' dir='ltr'>videtur.</span> <span class='ocrx_word' id='word_1_91' title='bbox 421 1685 494 1753; x_wconf 85' lang='lat' dir='ltr'>Hoc</span> <span class='ocrx_word' id='word_1_92' title='bbox 526 1685 674 1753; x_wconf 90' lang='lat' dir='ltr'>studium</span> <span class='ocrx_word' id='word_1_93' title='bbox 705 1685 869 1774; x_wconf 89' lang='lat' dir='ltr'>paulatim</span> <span class='ocrx_word' id='word_1_94' title='bbox 904 1685 1052 1752; x_wconf 87' lang='lat' dir='ltr'>evanuit.</span> <span class='ocrx_word' id='word_1_95' title='bbox 1106 1685 1193 1752; x_wconf 92' lang='lat' dir='ltr'>Nam</span> <span class='ocrx_word' id='word_1_96' title='bbox 1223 1685 1366 1751; x_wconf 87' lang='lat' dir='ltr'>iuvenes</span> 
     </span>
     <span class='ocr_line' id='line_1_15' title="bbox 219 1789 1364 1878; baseline 0 -24"><span class='ocrx_word' id='word_1_97' title='bbox 219 1789 287 1856; x_wconf 90' lang='lat' dir='ltr'>alia</span> <span class='ocrx_word' id='word_1_98' title='bbox 310 1812 348 1856; x_wconf 90' lang='lat' dir='ltr'>re</span> <span class='ocrx_word' id='word_1_99' title='bbox 371 1790 631 1858; x_wconf 74' lang='lat' dir='ltr'>delectabantur</span> <span class='ocrx_word' id='word_1_100' title='bbox 653 1798 756 1877; x_wconf 88' lang='lat' dir='ltr'>atque</span> <span class='ocrx_word' id='word_1_101' title='bbox 778 1790 814 1856; x_wconf 92' lang='lat' dir='ltr'>in</span> <span class='ocrx_word' id='word_1_102' title='bbox 837 1791 930 1877; x_wconf 88' lang='lat' dir='ltr'>equis</span> <span class='ocrx_word' id='word_1_103' title='bbox 949 1813 1011 1878; x_wconf 91' lang='lat' dir='ltr'>per</span> <span class='ocrx_word' id='word_1_104' title='bbox 1025 1790 1180 1857; x_wconf 87' lang='lat' dir='ltr'>Atticam</span> <span class='ocrx_word' id='word_1_105' title='bbox 1196 1789 1364 1876; x_wconf 86' lang='lat' dir='ltr'>vagando.</span> 
     </span>
     <span class='ocr_line' id='line_1_16' title="bbox 219 1893 1366 1987; baseline 0.003 -28"><span class='ocrx_word' id='word_1_106' title='bbox 219 1894 340 1962; x_wconf 89' lang='lat' dir='ltr'>Amori</span> <span class='ocrx_word' id='word_1_107' title='bbox 362 1902 398 1963; x_wconf 91' lang='lat' dir='ltr'>et</span> <span class='ocrx_word' id='word_1_108' title='bbox 420 1896 500 1962; x_wconf 91' lang='lat' dir='ltr'>vino</span> <span class='ocrx_word' id='word_1_109' title='bbox 524 1894 632 1962; x_wconf 90' lang='lat' dir='ltr'>dediti</span> <span class='ocrx_word' id='word_1_110' title='bbox 653 1897 688 1962; x_wconf 91' lang='lat' dir='ltr'>in</span> <span class='ocrx_word' id='word_1_111' title='bbox 718 1897 852 1987; x_wconf 83' lang='lat' dir='ltr'>lectulis</span> <span class='ocrx_word' id='word_1_112' title='bbox 883 1895 1048 1978; x_wconf 85' lang='lat' dir='ltr'>iacebant,</span> <span class='ocrx_word' id='word_1_113' title='bbox 1078 1894 1145 1961; x_wconf 90' lang='lat' dir='ltr'>nisi</span> <span class='ocrx_word' id='word_1_114' title='bbox 1173 1893 1210 1961; x_wconf 93' lang='lat' dir='ltr'>in</span> <span class='ocrx_word' id='word_1_115' title='bbox 1238 1893 1366 1962; x_wconf 88' lang='lat' dir='ltr'>iudicio</span> 
     </span>
     <span class='ocr_line' id='line_1_17' title="bbox 217 1997 1365 2087; baseline -0.002 -20"><span class='ocrx_word' id='word_1_116' title='bbox 217 2004 334 2086; x_wconf 89' lang='lat' dir='ltr'>partes</span> <span class='ocrx_word' id='word_1_117' title='bbox 357 2006 591 2067; x_wconf 82' lang='lat' dir='ltr'>accusatorum</span> <span class='ocrx_word' id='word_1_118' title='bbox 613 2001 758 2067; x_wconf 89' lang='lat' dir='ltr'>iudicum</span> <span class='ocrx_word' id='word_1_119' title='bbox 789 2024 924 2068; x_wconf 86' lang='lat' dir='ltr'>reorum</span> <span class='ocrx_word' id='word_1_120' title='bbox 953 2003 1110 2087; x_wconf 86' lang='lat' dir='ltr'>agebant.</span> <span class='ocrx_word' id='word_1_121' title='bbox 1157 1997 1234 2066; x_wconf 82' lang='lat' dir='ltr'>Tali</span> <span class='ocrx_word' id='word_1_122' title='bbox 1265 1998 1365 2065; x_wconf 91' lang='lat' dir='ltr'>modo</span> 
     </span>
     <span class='ocr_line' id='line_1_18' title="bbox 218 2104 1366 2195; baseline -0.002 -23"><span class='ocrx_word' id='word_1_123' title='bbox 218 2107 359 2193; x_wconf 90' lang='lat' dir='ltr'>antiqua</span> <span class='ocrx_word' id='word_1_124' title='bbox 394 2106 505 2172; x_wconf 91' lang='lat' dir='ltr'>virtus</span> <span class='ocrx_word' id='word_1_125' title='bbox 542 2107 685 2194; x_wconf 78' lang='lat' dir='ltr'>peribat,</span> <span class='ocrx_word' id='word_1_126' title='bbox 723 2107 759 2175; x_wconf 91' lang='lat' dir='ltr'>id</span> <span class='ocrx_word' id='word_1_127' title='bbox 793 2107 882 2195; x_wconf 91' lang='lat' dir='ltr'>quod</span> <span class='ocrx_word' id='word_1_128' title='bbox 915 2105 1163 2194; x_wconf 79' lang='lat' dir='ltr'>Aristophanes</span> <span class='ocrx_word' id='word_1_129' title='bbox 1201 2104 1366 2171; x_wconf 87' lang='lat' dir='ltr'>laudator</span> 
     </span>
     <span class='ocr_line' id='line_1_19' title="bbox 218 2209 1364 2300; baseline -0.002 -22"><span class='ocrx_word' id='word_1_130' title='bbox 218 2215 408 2299; x_wconf 90' lang='lat' dir='ltr'>temporum</span> <span class='ocrx_word' id='word_1_131' title='bbox 430 2213 651 2299; x_wconf 91' lang='lat' dir='ltr'>pristinorum</span> <span class='ocrx_word' id='word_1_132' title='bbox 673 2214 866 2300; x_wconf 72' lang='lat' dir='ltr'>vituperat,</span> <span class='ocrx_word' id='word_1_133' title='bbox 898 2211 958 2279; x_wconf 92' lang='lat' dir='ltr'>sed</span> <span class='ocrx_word' id='word_1_134' title='bbox 985 2233 1097 2279; x_wconf 90' lang='lat' dir='ltr'>omnes</span> <span class='ocrx_word' id='word_1_135' title='bbox 1127 2209 1364 2277; x_wconf 87' lang='lat' dir='ltr'>adulescentes</span> 
     </span>
    </p>
   </div>
   <div class='ocr_carea' id='block_1_5' title="bbox 216 2313 1367 4195">
    <p class='ocr_par' dir='ltr' id='par_1_5' title="bbox 217 2313 1366 2509">
     <span class='ocr_line' id='line_1_20' title="bbox 218 2313 1366 2405; baseline -0.002 -22"><span class='ocrx_word' id='word_1_136' title='bbox 218 2315 361 2384; x_wconf 87' lang='lat' dir='ltr'>reddere</span> <span class='ocrx_word' id='word_1_137' title='bbox 384 2323 574 2401; x_wconf 85' lang='lat' dir='ltr'>venatores,</span> <span class='ocrx_word' id='word_1_138' title='bbox 598 2322 637 2385; x_wconf 90' lang='lat' dir='ltr'>ut</span> <span class='ocrx_word' id='word_1_139' title='bbox 659 2317 840 2385; x_wconf 90' lang='lat' dir='ltr'>constituit</span> <span class='ocrx_word' id='word_1_140' title='bbox 859 2317 1007 2405; x_wconf 91' lang='lat' dir='ltr'>Populus</span> <span class='ocrx_word' id='word_1_141' title='bbox 1029 2317 1065 2382; x_wconf 95' lang='lat' dir='ltr'>in</span> <span class='ocrx_word' id='word_1_142' title='bbox 1080 2314 1273 2403; x_wconf 85' lang='lat' dir='ltr'>Equitibus,</span> <span class='ocrx_word' id='word_1_143' title='bbox 1297 2313 1366 2381; x_wconf 91' lang='lat' dir='ltr'>iam</span> 
     </span>
     <span class='ocr_line' id='line_1_21' title="bbox 217 2427 483 2509; baseline 0.011 -23"><span class='ocrx_word' id='word_1_144' title='bbox 217 2443 312 2488; x_wconf 91' lang='lat' dir='ltr'>nemo</span> <span class='ocrx_word' id='word_1_145' title='bbox 335 2427 483 2509; x_wconf 88' lang='lat' dir='ltr'>poterat.</span> 
     </span>
    </p>

    <p class='ocr_par' dir='ltr' id='par_1_6' title="bbox 217 2523 1367 3667">
     <span class='ocr_line' id='line_1_22' title="bbox 304 2523 1365 2617; baseline 0 -26"><span class='ocrx_word' id='word_1_146' title='bbox 304 2525 417 2614; x_wconf 90' lang='lat' dir='ltr'>Lepus</span> <span class='ocrx_word' id='word_1_147' title='bbox 448 2532 486 2593; x_wconf 90' lang='lat' dir='ltr'>et</span> <span class='ocrx_word' id='word_1_148' title='bbox 516 2529 635 2617; x_wconf 88' lang='lat' dir='ltr'>vulpes</span> <span class='ocrx_word' id='word_1_149' title='bbox 667 2533 801 2596; x_wconf 89' lang='lat' dir='ltr'>tantum</span> <span class='ocrx_word' id='word_1_150' title='bbox 830 2529 866 2593; x_wconf 94' lang='lat' dir='ltr'>in</span> <span class='ocrx_word' id='word_1_151' title='bbox 896 2528 1017 2595; x_wconf 88' lang='lat' dir='ltr'>Attica</span> <span class='ocrx_word' id='word_1_152' title='bbox 1047 2528 1238 2607; x_wconf 88' lang='lat' dir='ltr'>manebant,</span> <span class='ocrx_word' id='word_1_153' title='bbox 1271 2523 1365 2592; x_wconf 88' lang='lat' dir='ltr'>alter</span> 
     </span>
     <span class='ocr_line' id='line_1_23' title="bbox 218 2630 1365 2721; baseline -0.002 -23"><span class='ocrx_word' id='word_1_154' title='bbox 218 2637 359 2720; x_wconf 90' lang='lat' dir='ltr'>propter</span> <span class='ocrx_word' id='word_1_155' title='bbox 393 2631 612 2700; x_wconf 83' lang='lat' dir='ltr'>fertilitatem</span> <span class='ocrx_word' id='word_1_156' title='bbox 645 2633 736 2701; x_wconf 88' lang='lat' dir='ltr'>alter</span> <span class='ocrx_word' id='word_1_157' title='bbox 768 2638 909 2721; x_wconf 88' lang='lat' dir='ltr'>propter</span> <span class='ocrx_word' id='word_1_158' title='bbox 947 2632 1181 2700; x_wconf 88' lang='lat' dir='ltr'>calliditatem.</span> <span class='ocrx_word' id='word_1_159' title='bbox 1238 2630 1365 2698; x_wconf 86' lang='lat' dir='ltr'>Postea</span> 
     </span>
     <span class='ocr_line' id='line_1_24' title="bbox 217 2735 1365 2826; baseline -0.001 -23"><span class='ocrx_word' id='word_1_160' title='bbox 217 2740 332 2804; x_wconf 90' lang='lat' dir='ltr'>autem</span> <span class='ocrx_word' id='word_1_161' title='bbox 361 2737 581 2806; x_wconf 88' lang='lat' dir='ltr'>Nausierates</span> <span class='ocrx_word' id='word_1_162' title='bbox 611 2739 715 2805; x_wconf 90' lang='lat' dir='ltr'>etiam</span> <span class='ocrx_word' id='word_1_163' title='bbox 743 2738 891 2826; x_wconf 90' lang='lat' dir='ltr'>leporem</span> <span class='ocrx_word' id='word_1_164' title='bbox 920 2738 1103 2815; x_wconf 88' lang='lat' dir='ltr'>desiderat,</span> <span class='ocrx_word' id='word_1_165' title='bbox 1135 2736 1193 2824; x_wconf 90' lang='lat' dir='ltr'>qui</span> <span class='ocrx_word' id='word_1_166' title='bbox 1222 2736 1258 2803; x_wconf 93' lang='lat' dir='ltr'>in</span> <span class='ocrx_word' id='word_1_167' title='bbox 1287 2735 1365 2803; x_wconf 85' lang='lat' dir='ltr'>foro</span> 
     </span>
     <span class='ocr_line' id='line_1_25' title="bbox 220 2841 1365 2931; baseline -0.001 -23"><span class='ocrx_word' id='word_1_168' title='bbox 220 2841 366 2911; x_wconf 81' lang='lat' dir='ltr'>Athenis</span> <span class='ocrx_word' id='word_1_169' title='bbox 404 2867 465 2931; x_wconf 91' lang='lat' dir='ltr'>pro</span> <span class='ocrx_word' id='word_1_170' title='bbox 504 2844 742 2912; x_wconf 88' lang='lat' dir='ltr'>delicatissimo</span> <span class='ocrx_word' id='word_1_171' title='bbox 781 2844 853 2911; x_wconf 90' lang='lat' dir='ltr'>cibo</span> <span class='ocrx_word' id='word_1_172' title='bbox 892 2846 1077 2911; x_wconf 90' lang='lat' dir='ltr'>emebatur.</span> <span class='ocrx_word' id='word_1_173' title='bbox 1138 2841 1365 2911; x_wconf 84' lang='lat' dir='ltr'>Venabantur</span> 
     </span>
     <span class='ocr_line' id='line_1_26' title="bbox 219 2948 1366 3037; baseline 0.002 -24"><span class='ocrx_word' id='word_1_174' title='bbox 219 2969 293 3014; x_wconf 91' lang='lat' dir='ltr'>eum</span> <span class='ocrx_word' id='word_1_175' title='bbox 315 2953 470 3035; x_wconf 90' lang='lat' dir='ltr'>agrestes</span> <span class='ocrx_word' id='word_1_176' title='bbox 497 2954 571 3017; x_wconf 92' lang='lat' dir='ltr'>tum</span> <span class='ocrx_word' id='word_1_177' title='bbox 600 2971 667 3014; x_wconf 92' lang='lat' dir='ltr'>non</span> <span class='ocrx_word' id='word_1_178' title='bbox 699 2948 793 3037; x_wconf 87' lang='lat' dir='ltr'>quasi</span> <span class='ocrx_word' id='word_1_179' title='bbox 824 2954 1004 3017; x_wconf 91' lang='lat' dir='ltr'>venatores</span> <span class='ocrx_word' id='word_1_180' title='bbox 1034 2949 1171 3016; x_wconf 92' lang='lat' dir='ltr'>canibus</span> <span class='ocrx_word' id='word_1_181' title='bbox 1198 2949 1366 3032; x_wconf 83' lang='lat' dir='ltr'>venaticis</span> 
     </span>
     <span class='ocr_line' id='line_1_27' title="bbox 219 3053 1367 3143; baseline 0.003 -25"><span class='ocrx_word' id='word_1_182' title='bbox 219 3054 387 3120; x_wconf 91' lang='lat' dir='ltr'>nobilibus</span> <span class='ocrx_word' id='word_1_183' title='bbox 420 3067 455 3121; x_wconf 89' lang='lat' dir='ltr'>et</span> <span class='ocrx_word' id='word_1_184' title='bbox 487 3056 629 3137; x_wconf 91' lang='lat' dir='ltr'>retibus,</span> <span class='ocrx_word' id='word_1_185' title='bbox 662 3055 722 3121; x_wconf 92' lang='lat' dir='ltr'>sed</span> <span class='ocrx_word' id='word_1_186' title='bbox 753 3077 959 3143; x_wconf 88' lang='lat' dir='ltr'>quocumque</span> <span class='ocrx_word' id='word_1_187' title='bbox 990 3054 1065 3142; x_wconf 88' lang='lat' dir='ltr'>quis</span> <span class='ocrx_word' id='word_1_188' title='bbox 1094 3053 1191 3120; x_wconf 93' lang='lat' dir='ltr'>modo</span> <span class='ocrx_word' id='word_1_189' title='bbox 1222 3056 1367 3139; x_wconf 86' lang='lat' dir='ltr'>poterat</span> 
     </span>
     <span class='ocr_line' id='line_1_28' title="bbox 218 3157 1365 3247; baseline 0.003 -24"><span class='ocrx_word' id='word_1_190' title='bbox 218 3157 367 3245; x_wconf 90' lang='lat' dir='ltr'>leporem</span> <span class='ocrx_word' id='word_1_191' title='bbox 389 3165 451 3226; x_wconf 89' lang='lat' dir='ltr'>aut</span> <span class='ocrx_word' id='word_1_192' title='bbox 472 3160 608 3247; x_wconf 91' lang='lat' dir='ltr'>vulpem</span> <span class='ocrx_word' id='word_1_193' title='bbox 630 3160 795 3247; x_wconf 89' lang='lat' dir='ltr'>capiebat.</span> <span class='ocrx_word' id='word_1_194' title='bbox 842 3160 921 3226; x_wconf 90' lang='lat' dir='ltr'>Viri</span> <span class='ocrx_word' id='word_1_195' title='bbox 944 3164 1097 3246; x_wconf 80' lang='lat' dir='ltr'>agrestes</span> <span class='ocrx_word' id='word_1_196' title='bbox 1120 3158 1156 3225; x_wconf 91' lang='lat' dir='ltr'>in</span> <span class='ocrx_word' id='word_1_197' title='bbox 1179 3160 1264 3226; x_wconf 90' lang='lat' dir='ltr'>urbe</span> <span class='ocrx_word' id='word_1_198' title='bbox 1286 3162 1365 3227; x_wconf 89' lang='lat' dir='ltr'>tan-</span> 
     </span>
     <span class='ocr_line' id='line_1_29' title="bbox 217 3262 1366 3351; baseline 0.002 -23"><span class='ocrx_word' id='word_1_199' title='bbox 217 3268 337 3351; x_wconf 90' lang='lat' dir='ltr'>tepere</span> <span class='ocrx_word' id='word_1_200' title='bbox 360 3274 459 3330; x_wconf 90' lang='lat' dir='ltr'>erant</span> <span class='ocrx_word' id='word_1_201' title='bbox 481 3263 576 3350; x_wconf 87' lang='lat' dir='ltr'>grati</span> <span class='ocrx_word' id='word_1_202' title='bbox 598 3269 634 3331; x_wconf 94' lang='lat' dir='ltr'>et</span> <span class='ocrx_word' id='word_1_203' title='bbox 653 3265 852 3351; x_wconf 85' lang='lat' dir='ltr'>exspectati,</span> <span class='ocrx_word' id='word_1_204' title='bbox 876 3268 916 3331; x_wconf 90' lang='lat' dir='ltr'>ut</span> <span class='ocrx_word' id='word_1_205' title='bbox 939 3286 960 3331; x_wconf 92' lang='lat' dir='ltr'>a</span> <span class='ocrx_word' id='word_1_206' title='bbox 981 3262 1152 3330; x_wconf 89' lang='lat' dir='ltr'>nonnullis</span> <span class='ocrx_word' id='word_1_207' title='bbox 1175 3262 1366 3331; x_wconf 88' lang='lat' dir='ltr'>artificibus</span> 
     </span>
     <span class='ocr_line' id='line_1_30' title="bbox 217 3368 1364 3458; baseline 0.003 -25"><span class='ocrx_word' id='word_1_208' title='bbox 217 3368 253 3432; x_wconf 92' lang='lat' dir='ltr'>in</span> <span class='ocrx_word' id='word_1_209' title='bbox 275 3369 432 3452; x_wconf 87' lang='lat' dir='ltr'>vasculis,</span> <span class='ocrx_word' id='word_1_210' title='bbox 455 3373 495 3435; x_wconf 90' lang='lat' dir='ltr'>ut</span> <span class='ocrx_word' id='word_1_211' title='bbox 518 3370 647 3457; x_wconf 91' lang='lat' dir='ltr'>opinor,</span> <span class='ocrx_word' id='word_1_212' title='bbox 672 3370 944 3458; x_wconf 85' lang='lat' dir='ltr'>depingerentur.</span> <span class='ocrx_word' id='word_1_213' title='bbox 980 3369 1130 3436; x_wconf 90' lang='lat' dir='ltr'>Heroum</span> <span class='ocrx_word' id='word_1_214' title='bbox 1152 3368 1364 3450; x_wconf 88' lang='lat' dir='ltr'>venationes,</span> 
     </span>
     <span class='ocr_line' id='line_1_31' title="bbox 220 3472 1364 3564; baseline 0.003 -26"><span class='ocrx_word' id='word_1_215' title='bbox 220 3472 247 3538; x_wconf 91' lang='lat' dir='ltr'>si</span> <span class='ocrx_word' id='word_1_216' title='bbox 271 3473 432 3560; x_wconf 87' lang='lat' dir='ltr'>imagines</span> <span class='ocrx_word' id='word_1_217' title='bbox 456 3474 491 3541; x_wconf 93' lang='lat' dir='ltr'>in</span> <span class='ocrx_word' id='word_1_218' title='bbox 515 3475 649 3564; x_wconf 85' lang='lat' dir='ltr'>ectypis</span> <span class='ocrx_word' id='word_1_219' title='bbox 672 3475 735 3543; x_wconf 91' lang='lat' dir='ltr'>hoc</span> <span class='ocrx_word' id='word_1_220' title='bbox 757 3477 890 3542; x_wconf 88' lang='lat' dir='ltr'>nomine</span> <span class='ocrx_word' id='word_1_221' title='bbox 912 3474 1087 3564; x_wconf 90' lang='lat' dir='ltr'>appellare</span> <span class='ocrx_word' id='word_1_222' title='bbox 1101 3474 1192 3556; x_wconf 90' lang='lat' dir='ltr'>lieet,</span> <span class='ocrx_word' id='word_1_223' title='bbox 1217 3497 1259 3540; x_wconf 86' lang='lat' dir='ltr'>ex</span> <span class='ocrx_word' id='word_1_224' title='bbox 1274 3475 1364 3542; x_wconf 91' lang='lat' dir='ltr'>anti-</span> 
     </span>
     <span class='ocr_line' id='line_1_32' title="bbox 218 3578 995 3667; baseline 0.004 -24"><span class='ocrx_word' id='word_1_225' title='bbox 218 3578 389 3666; x_wconf 90' lang='lat' dir='ltr'>quioribus</span> <span class='ocrx_word' id='word_1_226' title='bbox 413 3581 610 3667; x_wconf 85' lang='lat' dir='ltr'>desumptae</span> <span class='ocrx_word' id='word_1_227' title='bbox 634 3585 714 3646; x_wconf 88' lang='lat' dir='ltr'>sunt</span> <span class='ocrx_word' id='word_1_228' title='bbox 737 3580 995 3667; x_wconf 82' lang='lat' dir='ltr'>exemplaribus.</span> 
     </span>
    </p>

    <p class='ocr_par' dir='ltr' id='par_1_7' title="bbox 216 3684 1365 4195">
     <span class='ocr_line' id='line_1_33' title="bbox 305 3684 1365 3772; baseline 0.002 -22"><span class='ocrx_word' id='word_1_229' title='bbox 305 3684 431 3751; x_wconf 88' lang='lat' dir='ltr'>Restat</span> <span class='ocrx_word' id='word_1_230' title='bbox 454 3690 494 3751; x_wconf 91' lang='lat' dir='ltr'>ut</span> <span class='ocrx_word' id='word_1_231' title='bbox 517 3685 645 3772; x_wconf 89' lang='lat' dir='ltr'>aliquid</span> <span class='ocrx_word' id='word_1_232' title='bbox 669 3685 710 3752; x_wconf 90' lang='lat' dir='ltr'>de</span> <span class='ocrx_word' id='word_1_233' title='bbox 740 3686 856 3753; x_wconf 88' lang='lat' dir='ltr'>diebus</span> <span class='ocrx_word' id='word_1_234' title='bbox 886 3686 986 3754; x_wconf 85' lang='lat' dir='ltr'>festis</span> <span class='ocrx_word' id='word_1_235' title='bbox 1010 3686 1140 3753; x_wconf 90' lang='lat' dir='ltr'>Dianae</span> <span class='ocrx_word' id='word_1_236' title='bbox 1171 3684 1365 3771; x_wconf 76' lang='lat' dir='ltr'>sanetis²2¹)</span> 
     </span>
     <span class='ocr_line' id='line_1_34' title="bbox 218 3789 1363 3877; baseline 0.001 -22"><span class='ocrx_word' id='word_1_237' title='bbox 218 3789 347 3874; x_wconf 89' lang='lat' dir='ltr'>addam,</span> <span class='ocrx_word' id='word_1_238' title='bbox 382 3791 500 3877; x_wconf 87' lang='lat' dir='ltr'>quibus</span> <span class='ocrx_word' id='word_1_239' title='bbox 530 3791 593 3858; x_wconf 91' lang='lat' dir='ltr'>dea</span> <span class='ocrx_word' id='word_1_240' title='bbox 623 3790 785 3876; x_wconf 78' lang='grc' dir='ltr'><em>ἀγροτέρα</em></span> <span class='ocrx_word' id='word_1_241' title='bbox 814 3792 1059 3858; x_wconf 85' lang='lat' dir='ltr'>celebrabatur.</span> <span class='ocrx_word' id='word_1_242' title='bbox 1106 3791 1236 3856; x_wconf 91' lang='lat' dir='ltr'>Nomen</span> <span class='ocrx_word' id='word_1_243' title='bbox 1265 3813 1363 3857; x_wconf 91' lang='lat' dir='ltr'>suum</span> 
     </span>
     <span class='ocr_line' id='line_1_35' title="bbox 218 3894 1364 3984; baseline 0.003 -24"><span class='ocrx_word' id='word_1_244' title='bbox 218 3895 424 3980; x_wconf 80' lang='grc' dir='ltr'><strong><em>ἐλαφηβόλια</em></strong></span> <span class='ocrx_word' id='word_1_245' title='bbox 446 3896 573 3964; x_wconf 91' lang='lat' dir='ltr'>habent</span> <span class='ocrx_word' id='word_1_246' title='bbox 596 3920 636 3963; x_wconf 87' lang='lat' dir='ltr'>ex</span> <span class='ocrx_word' id='word_1_247' title='bbox 659 3897 770 3964; x_wconf 88' lang='lat' dir='ltr'>cervis</span> <span class='ocrx_word' id='word_1_248' title='bbox 793 3896 1039 3984; x_wconf 88' lang='lat' dir='ltr'>antiquissimis</span> <span class='ocrx_word' id='word_1_249' title='bbox 1066 3896 1274 3983; x_wconf 90' lang='lat' dir='ltr'>temporibus</span> <span class='ocrx_word' id='word_1_250' title='bbox 1298 3894 1364 3964; x_wconf 92' lang='lat' dir='ltr'>hoc</span> 
     </span>
     <span class='ocr_line' id='line_1_36' title="bbox 217 4000 1362 4087; baseline 0.003 -21"><span class='ocrx_word' id='word_1_251' title='bbox 217 4000 271 4066; x_wconf 92' lang='lat' dir='ltr'>die</span> <span class='ocrx_word' id='word_1_252' title='bbox 294 4001 376 4069; x_wconf 89' lang='lat' dir='ltr'>deae</span> <span class='ocrx_word' id='word_1_253' title='bbox 398 4001 592 4068; x_wconf 80' lang='lat' dir='ltr'>immolatis</span> <span class='ocrx_word' id='word_1_254' title='bbox 636 4002 834 4069; x_wconf 91' lang='lat' dir='ltr'>Athenaeus</span> <span class='ocrx_word' id='word_1_255' title='bbox 845 4001 899 4087; x_wconf 79' lang='grc'>222)</span> <span class='ocrx_word' id='word_1_256' title='bbox 923 4025 947 4069; x_wconf 89' lang='lat' dir='ltr'>s.</span> <span class='ocrx_word' id='word_1_257' title='bbox 965 4026 996 4068; x_wconf 94' lang='lat' dir='ltr'>v.</span> <span class='ocrx_word' id='word_1_258' title='bbox 1020 4005 1144 4087; x_wconf 75' lang='grc' dir='ltr'><em>ἔλαφος</em></span> <span class='ocrx_word' id='word_1_259' title='bbox 1166 4001 1279 4068; x_wconf 85' lang='lat' dir='ltr'>refert</span> <span class='ocrx_word' id='word_1_260' title='bbox 1299 4001 1362 4069; x_wconf 90' lang='lat' dir='ltr'>hos</span> 
     </span>
     <span class='ocr_line' id='line_1_37' title="bbox 216 4105 1364 4195; baseline 0.001 -23"><span class='ocrx_word' id='word_1_261' title='bbox 216 4129 334 4173; x_wconf 86' lang='lat' dir='ltr'>cervos</span> <span class='ocrx_word' id='word_1_262' title='bbox 364 4107 469 4174; x_wconf 84' lang='lat' dir='ltr'>fuisse</span> <span class='ocrx_word' id='word_1_263' title='bbox 500 4106 663 4195; x_wconf 71' lang='lat' dir='ltr'>(posteat)</span> <span class='ocrx_word' id='word_1_264' title='bbox 694 4108 861 4194; x_wconf 89' lang='lat' dir='ltr'>placenta.</span> <span class='ocrx_word' id='word_1_265' title='bbox 917 4108 992 4174; x_wconf 89' lang='lat' dir='ltr'>Non</span> <span class='ocrx_word' id='word_1_266' title='bbox 1026 4105 1163 4173; x_wconf 91' lang='lat' dir='ltr'>dubium</span> <span class='ocrx_word' id='word_1_267' title='bbox 1194 4109 1249 4174; x_wconf 88' lang='lat' dir='ltr'>est</span> <span class='ocrx_word' id='word_1_268' title='bbox 1281 4107 1364 4194; x_wconf 90' lang='lat' dir='ltr'>quin</span> 
     </span>
    </p>
   </div>
   <div class='ocr_carea' id='block_1_6' title="bbox 305 4321 1287 4390">
    <p class='ocr_par' dir='ltr' id='par_1_8' title="bbox 305 4321 1287 4390">
     <span class='ocr_line' id='line_1_38' title="bbox 305 4321 1287 4390; baseline 0.005 -17"><span class='ocrx_word' id='word_1_269' title='bbox 305 4324 368 4390; x_wconf 82' lang='lat'>221)</span> <span class='ocrx_word' id='word_1_270' title='bbox 388 4323 498 4378; x_wconf 90' lang='lat' dir='ltr'>Bekker</span> <span class='ocrx_word' id='word_1_271' title='bbox 516 4322 618 4378; x_wconf 81' lang='lat' dir='ltr'>Anecd.</span> <span class='ocrx_word' id='word_1_272' title='bbox 638 4325 761 4390; x_wconf 85' lang='grc' dir='ltr'>Ι,249,7.</span> <span class='ocrx_word' id='word_1_273' title='bbox 919 4325 983 4390; x_wconf 89' lang='grc'>222)</span> <span class='ocrx_word' id='word_1_274' title='bbox 1002 4322 1102 4376; x_wconf 88' lang='lat' dir='ltr'>Athen.</span> <span class='ocrx_word' id='word_1_275' title='bbox 1122 4321 1287 4390; x_wconf 83' lang='lat' dir='ltr'>xlv‚o46e.</span> 
     </span>
    </p>
   </div>
   <div class='ocr_carea' id='block_1_7' title="bbox 0 0 1444 4734">
    <p class='ocr_par' dir='ltr' id='par_1_9' title="bbox 0 0 1444 4734">
     <span class='ocr_line' id='line_1_39' title="bbox 0 0 1444 4734; baseline 0 0"><span class='ocrx_word' id='word_1_276' title='bbox 0 0 1444 4734; x_wconf 95' lang='lat' dir='ltr'> </span> 
     </span>
    </p>
   </div>
  </div>
 </body>
</html>
