2880 4734
691 247 742 313 21‘

135 421 237 487 rebus
262 419 454 487 domesticis
488 419 633 507 scripsit,
667 421 748 488 baec
770 422 924 508 neglexit
935 421 984 507 ⁸¹).
1028 421 1147 490 Denuo
1172 423 1283 490 omnia

135 525 307 612 congessit
330 525 414 593 Otto
438 525 557 592 Manus
589 525 625 595 in
656 526 768 594 tribus
800 527 868 595 illis
901 527 1026 596 libellis
1057 528 1176 615 quibus
1210 551 1283 596 rem

135 630 326 697 venaticam
348 629 515 698 Graecam
536 629 718 717 descripsit
730 631 780 714 82),
810 655 917 719 neque
948 633 1174 700 necessarium
1197 637 1281 722 puto

134 735 287 821 singulas
309 757 365 802 res
389 740 554 822 repetere.

223 875 337 942 Primo
359 875 433 943 loco
456 875 637 944 admonere
667 899 750 964 opus
775 881 837 959 est,
867 899 910 943 ne
932 900 986 944 res
1009 877 1208 944 Homericae
1232 877 1281 943 in-

135 984 234 1047 cante
256 981 292 1047 in
315 980 493 1048 Graeciam
515 981 785 1049 transferantur.
832 982 909 1049 Non
933 982 1041 1049 solum
1062 982 1188 1064 leones,
1223 981 1282 1048 sed

134 1085 240 1151 etiam
261 1086 361 1173 pardi
383 1086 426 1152 ad
442 1085 561 1152 Asiam
575 1086 750 1174 pertinent
761 1085 810 1174 83),
834 1087 900 1154 etsi
920 1087 982 1154 has
1005 1087 1133 1154 bestias
1157 1087 1194 1152 in
1209 1109 1281 1152 car·

133 1189 277 1256 minibus
301 1191 488 1258 Homericis
510 1196 681 1259 venantur
700 1191 837 1259 Graeci.
883 1191 1017 1259 Eximia
1040 1191 1182 1258 scientia
1204 1214 1281 1258 con-

133 1295 347 1363 suetudinum
380 1300 416 1362 et
446 1301 591 1364 naturae
621 1297 729 1364 leonis
765 1297 801 1364 in
831 1297 1013 1385 permultis
1046 1297 1206 1384 exemplis
1240 1297 1281 1363 de

134 1399 210 1466 vita
231 1400 417 1490 desumptis
441 1406 592 1490 apparet,
625 1425 689 1490 quo
713 1425 811 1469 error
834 1426 959 1485 eorum,
993 1402 1050 1490 qui
1070 1402 1184 1469 leones
1207 1407 1280 1470 tum

132 1504 170 1571 in
192 1505 331 1594 Europa
353 1507 528 1574 exstitisse
551 1507 743 1589 credebant,
768 1507 984 1575 confirmatus
1007 1506 1122 1591 este).

220 1647 364 1715 Praeter
379 1648 493 1715 leones
521 1653 557 1714 et
579 1648 703 1735 pardos
727 1652 909 1716 venatores
932 1649 1130 1716 Homericae
1152 1647 1279 1716 aetatis

133 1754 348 1820 venabantur
369 1753 477 1840 lupos,
501 1774 621 1839 capras
645 1752 871 1839 aegagr0s⁸⁶),
901 1775 1030 1836 carrea,
1053 1775 1164 1840 aproS,
1188 1751 1280 1840 lepo-

133 1879 200 1924 res.
245 1857 381 1924 Nemini
403 1880 547 1946 unquam
570 1857 707 1924 dubium
729 1858 807 1941 erit,
832 1859 913 1946 quin
936 1851 1072 1926 venatio
1092 1856 1279 1924 Homericis

132 1962 341 2049 temporibus
357 1962 522 2029 floruerit.
569 1961 708 2044 Causae,
730 1962 850 2049 quibus
866 1963 1014 2029 homines
1031 1962 1074 2029 ad
1092 1961 1280 2029 venandum

132 2071 393 2149 commoventur,
417 2067 597 2155 praecipue
612 2071 685 2135 tres
710 2067 875 2154 distingui
897 2072 1056 2155 possunt;
1080 2067 1225 2154 primum
1240 2069 1280 2132 ut

132 2193 169 2238 se
201 2193 326 2259 suaque
358 2177 479 2240 eontra
509 2171 619 2239 feram
650 2172 821 2258 ingentem
852 2172 1055 2239 defendant:
1088 2176 1166 2239 tota
1197 2194 1279 2257 gens

131 2280 233 2343 aucta
255 2276 368 2343 amicis
393 2281 429 2344 et
451 2277 603 2343 finitimis
619 2282 752 2365 pugnat
768 2281 887 2343 contra
909 2277 1072 2362 grandem
1087 2277 1217 2343 leonem
1229 2275 1278 2361 86),

130 2404 173 2447 ex
197 2381 285 2447 omni
302 2382 446 2448 Graecia
462 2382 635 2449 confluunt
654 2381 718 2448 viri
733 2381 844 2449 fortes
862 2381 905 2447 ad
921 2381 1145 2467 Calydonium
1161 2402 1281 2467 aprum

128 2485 319 2552 venandum
331 2485 380 2568 81),
412 2491 570 2574 pastores
603 2489 724 2553 bovum
760 2490 796 2552 et
820 2485 931 2553 ovium
964 2491 1083 2574 saepta
1114 2490 1151 2553 et
1177 2489 1281 2573 prata

129 2613 150 2656 a
172 2589 325 2658 leonibus
349 2591 569 2658 communiter
592 2595 735 2658 tuentur
748 2591 799 2676 88).

220 2730 351 2798 Deinde
373 2735 516 2798 venatus
539 2736 682 2819 propter
713 2732 862 2799 fructum
886 2737 1082 2799 exercetur:
1115 2754 1212 2798 arcus
1236 2752 1278 2797 ex

133 2835 291 2902 cornibus
314 2856 437 2922 caprae
452 2841 696 2903 construuntur
708 2836 755 2921 89),
780 2837 878 2923 pellis
894 2837 992 2924 pardi
1009 2837 1106 2922 regia
1121 2835 1279 2901 Pandaro

132 2941 286 3008 Menelao
300 2940 414 3007 decori
430 2949 483 3007 est
494 2940 542 3027 ⁹⁰),
562 2941 661 3029 pellis
678 2942 771 3007 cervi
786 2942 881 3009 Ulixi
896 2941 998 3008 datur
1013 2941 1217 3008 vestimento
1230 2938 1278 3020 91),

132 3045 232 3132 pellis
267 3046 388 3128 ἀγρίου
423 3048 515 3128 αἰγὸς
543 3047 650 3112 eidem
683 3049 725 3112 ab
760 3046 907 3113 Eumaeo
943 3046 1113 3113 sternitur
1125 3045 1172 3132 ⁹²).
1238 3044 1280 3109 In

132 3149 255 3216 itinere
278 3150 396 3217 Ulixes
429 3150 494 3217 sibi
526 3154 562 3218 et
593 3151 692 3217 sociis
725 3151 834 3218 cibum
865 3156 966 3238 parat
996 3151 1104 3237 captis
1128 3173 1228 3216 cervo
1242 3149 1279 3230 98)

133 3258 170 3320 et
192 3254 303 3342 capris
316 3254 365 3340 94).

219 3377 396 3444 Postremo
420 3382 474 3444 est
495 3382 638 3444 venatus
663 3377 760 3464 quasi
781 3377 876 3443 lusus
899 3377 1032 3458 nobilis,
1057 3400 1153 3464 quam
1168 3377 1278 3443 Anto-

222 3627 268 3695 81)
288 3642 309 3679 e.
330 3643 354 3694 g.
374 3625 525 3696 Friedrich,
547 3628 662 3682 Realien
685 3628 729 3683 bei
748 3629 858 3682 Homer.
887 3627 1035 3695 Buchholz,
1056 3628 1133 3682 Hom.
1154 3628 1277 3681 Realien.

221 3718 267 3782 82)
287 3716 383 3782 Progr.
404 3714 429 3771 d.
448 3717 481 3769 K.
502 3718 584 3770 Wilh.
604 3718 699 3788 Gymn.
719 3719 747 3770 in
767 3718 860 3771 Caesel
882 3720 958 3771 1888.
981 3721 1056 3772 1889.
1079 3720 1154 3771 1890.

222 3806 267 3874 83)
287 3803 322 3858 cf.
342 3804 408 3859 Otto
427 3806 528 3872 Keller,
556 3807 636 3861 Tiere
662 3805 709 3860 des
734 3808 817 3861 klass.
837 3808 997 3861 Altertuma
1035 3807 1188 3860 Innsbruck
1210 3809 1277 3860 1887

132 3909 192 3962 pag.
215 3897 266 3948 140
285 3910 343 3962 sqq.
462 3897 509 3965 84)
528 3897 627 3950 Manus
647 3897 668 3963 I,
687 3912 750 3964 pag.
769 3900 804 3950 24
815 3912 873 3964 sqq.
982 3901 1028 3965 85)
1048 3897 1142 3950 Keller
1160 3912 1222 3964 pag.
1243 3899 1276 3950 37

131 3983 173 4037 bis
192 3986 235 4037 52.
343 3988 390 4054 86)
410 3985 439 4038 11.
460 3986 519 4052 XX,
540 3989 600 4040 164.
713 3988 759 4056 87)
778 3987 809 4040 II.
829 3987 876 4052 IX,
896 3989 956 4040 529.

220 4075 266 4142 88)
286 4073 316 4127 II.
330 4075 390 4137 XII,
403 4078 456 4129 300
466 4091 524 4142 sqq.
563 4075 595 4143 X,
612 4079 662 4130 180
672 4090 731 4142 sqq.
771 4076 856 4141 XVII,
870 4079 902 4130 61
917 4082 968 4129 etc.
1007 4074 1165 4129 cf.Mannsi
1183 4090 1277 4143 progr.

134 4164 202 4216 1888
220 4178 283 4231 pag.
303 4166 346 4231 24,
368 4164 415 4230 qui
434 4162 467 4217 de
486 4164 538 4216 hac
556 4179 587 4217 re
606 4163 668 4217 fuse
687 4165 806 4233 scripsit.

220 4254 266 4322 89)
285 4253 376 4321 1111,
396 4256 451 4307 105.
564 4256 609 4323 90)
630 4255 660 4307 II.
674 4255 722 4319 III,
742 4257 783 4320 17,
797 4254 832 4320 X,
851 4257 893 4307 29.
997 4254 1043 4319 81)
1062 4251 1112 4306 Od.
1126 4253 1201 4321 XIII,
1214 4255 1276 4308 436.

219 4344 266 4412 92)
285 4340 335 4396 Od.
354 4342 427 4410 XIV,
448 4345 489 4397 50.
599 4346 645 4412 93)
665 4341 714 4397 Od.
734 4344 767 4411 X,
789 4347 847 4397 181.
958 4345 1005 4413 84)
1025 4341 1075 4397 Od.
1094 4344 1141 4413 IX,
1164 4347 1222 4398 116.
