2880 4734
760 240 803 314 72

195 416 361 484 rationem
384 416 469 483 vitio
494 419 630 484 vertare
652 414 761 483 dabui.
808 415 857 482 Ut
879 413 1032 502 exemplo
1055 417 1146 498 utar,
1168 412 1344 484 Lauobert

197 521 240 592 ad
274 524 379 591 verba
411 521 603 589 discernere
637 525 780 589 conatur
814 520 906 588 inter
939 520 1031 590 retia
1063 521 1182 612 plagas
1220 546 1344 608 cassas,

199 650 397 717 quamquam
421 627 451 694 ei
474 632 615 715 praeter
646 627 795 715 politicos
819 626 878 694 vix
899 626 962 693 ulli
984 626 1051 695 loci
1082 633 1218 716 praesto
1251 635 1342 699 sunt.¹

200 734 326 802 Utilius
357 736 470 801 autem
493 733 630 800 videtur
662 732 751 820 apud
779 735 899 820 politas
921 754 1087 820 quaerere
1109 742 1226 801 utrum
1251 750 1346 804 accuss

201 839 311 907 ratius
347 861 390 904 an
424 838 658 925 neglegentius
690 837 839 905 Graecos
872 842 1030 906 auctores
1064 842 1345 926 transverterint,

200 968 299 1034 quam
330 948 449 1032 petere
481 943 676 1011 testimonia
708 944 759 1011 rei
789 943 965 1011 venaticae
996 945 1168 1013 Romanae
1203 970 1245 1014 ex
1276 947 1346 1015 illis

200 1050 309 1118 doctis
340 1048 461 1137 politis.
506 1049 558 1116 De
589 1048 729 1116 consilio
760 1052 874 1116 autem
903 1052 939 1116 et
960 1049 1102 1135 ratione,
1134 1051 1254 1138 quibus
1278 1054 1347 1120 Ro*

200 1156 290 1222 mani
314 1154 462 1224 Graecos
492 1154 656 1223 terminos
685 1154 721 1221 in
750 1178 846 1221 usum
869 1178 964 1222 suum
995 1155 1254 1240 declinaverint,
1284 1157 1347 1226 hoc

198 1261 270 1328 loco
294 1260 508 1346 explanatius
531 1261 698 1327 disserere
722 1260 859 1347 longum
883 1267 945 1328 est.

286 1366 539 1454 Descriptiones
567 1365 739 1433 venaticae
770 1365 834 1433 hoc
855 1369 1008 1454 tempora
1038 1372 1118 1435 sunt
1146 1369 1181 1434 in
1203 1368 1346 1438 litteras

202 1471 371 1539 Romanas
394 1472 608 1539 introductae
631 1472 773 1538 maxime
797 1494 858 1559 per
880 1476 999 1560 poe'tas
1015 1472 1191 1560 elegiacos.
1235 1475 1348 1542 Meum

199 1599 271 1644 esse
294 1575 347 1643 hic
368 1599 435 1644 non
457 1580 574 1665 potest
589 1577 805 1666 quaestiones
823 1577 863 1644 de
879 1578 1052 1645 Romanae
1068 1578 1198 1666 elegiae
1215 1580 1346 1668 origine

200 1683 261 1749 hoc
289 1682 363 1749 loco
393 1686 593 1750 retractare.
640 1682 766 1750 Tamen
793 1681 923 1769 gaudeo
954 1681 1044 1771 quod
1069 1684 1135 1750 viri
1156 1685 1260 1768 docti,
1290 1687 1346 1775 qui

200 1788 242 1856 de
263 1788 327 1855 hac
348 1789 492 1856 materia
515 1791 660 1875 egerunt
671 1788 734 1872 ³²⁴),
766 1811 837 1855 rem
859 1789 1048 1855 venaticam
1078 1812 1209 1877 quoque
1232 1793 1346 1859 obser·

200 1896 337 1963 vabant.
383 1895 485 1962 Docti
515 1898 637 1981 politae
660 1895 804 1961 Romani
833 1894 1036 1963 carminibus
1068 1895 1136 1963 suis
1167 1918 1270 1983 saepe
1291 1918 1346 1965 ‘ar-

200 2004 362 2088 gumenta
384 2000 425 2066 de
448 1998 692 2067 Alexandrinis
716 1999 917 2088 deprompta
949 1999 1126 2068 dederunt.
1170 2001 1288 2089 Atque
1312 2004 1348 2070 in

202 2106 254 2172 his
280 2109 422 2173 venatus
453 2129 584 2194 quoquc
615 2105 820 2172 continetur.
866 2105 953 2173 Nam
975 2105 1035 2173 ille
1058 2104 1233 2174 invenitur
1256 2108 1348 2195 apud

202 2211 404 2298 Vergilium,
434 2211 523 2301 apud
549 2211 778 2299 Propertium,
810 2210 899 2299 apud
922 2210 1094 2279 Tibullum
1115 2212 1157 2299 (Ι,
1181 2211 1225 2299 4),
1257 2214 1349 2302 apud

201 2317 384 2406 Sulpiciam
407 2317 494 2403 (Tib.
519 2316 582 2400 IV,
607 2317 648 2399 3).
697 2317 767 2383 Hoc
789 2317 824 2382 in
854 2317 1001 2385 carmina
1034 2317 1145 2386 inesse
1178 2317 1348 2388 Graecum

201 2426 451 2510 argumentum,
489 2423 655 2490 Ernestus
693 2422 806 2489 Maass
843 2423 960 2490 multis
996 2423 1110 2491 verbis
1148 2424 1348 2493 affirmavit.

201 2529 307 2596 Plura
329 2551 413 2616 quae
436 2529 480 2595 ad
502 2531 653 2595 nostram
676 2550 747 2594 rem
769 2529 945 2616 pertinent
968 2529 1119 2597 invenias
1143 2529 1233 2617 apud
1249 2530 1285 2598 C.
1304 2533 1347 2598 H.

201 2634 409 2716 Muellerum,
448 2634 505 2722 qui
542 2633 583 2700 de
621 2634 897 2701 similitudinibus
922 2635 1210 2723 imaginibusque
1255 2637 1350 2725 apud

202 2744 334 2808 veteres
357 2743 476 2829 politas
501 2739 668 2826 elegiacos
692 2740 830 2829 scripsit
842 2740 909 2826 ³²⁵).

631 2921 689 2986 De
712 2919 907 2987 Horatio.

288 3045 453 3113 Ultimum
475 3045 581 3120 ‚inter
619 3044 788 3111 Romanos
826 3043 936 3111 locum
978 3044 1132 3112 obtineat
1168 3043 1349 3130 Horatius,

202 3153 384 3239 propterea
408 3148 496 3238 quod
518 3149 682 3217 acerrime
705 3153 853 3217 aetatem
877 3172 971 3218 suam
994 3150 1199 3234 observavit,
1232 3172 1349 3239 quam-

203 3279 302 3345 quam
335 3254 519 3323 cavendum
541 3258 605 3338 est,
639 3278 680 3322 ne
715 3255 750 3320 in
784 3277 916 3323 errores
951 3255 1154 3323 deducamur
1184 3255 1232 3324 eis
1263 3256 1348 3326 locis

202 3362 322 3451 quibus
338 3361 492 3429 consulto
510 3360 659 3429 Graecas
676 3383 730 3427 res
746 3361 907 3428 Romanis
930 3362 1131 3430 commiscet.
1154 3361 1349 3451 Permagna

203 3470 273 3537 eius
309 3467 520 3556 experientia
553 3468 588 3533 in
622 3467 721 3535 rebus
754 3467 963 3554 cynegeticis
999 3468 1102 3535 etiam
1136 3467 1256 3536 doctus
1291 3469 1353 3538 vir'

202 3575 385 3641 commotus
410 3578 473 3657 est,
503 3576 542 3640 ut
564 3572 746 3640 Horatium
776 3572 886 3660 ipsum
909 3576 1105 3641 venatorem
1135 3572 1241 3641 fuisse
1270 3597 1347 3662 pro·

203 3682 285 3749 bare
317 3683 457 3748 conatus
487 3679 534 3747 sit
544 3678 607 3766 821).
652 3680 725 3746 Iam
747 3702 809 3767 per
839 3703 874 3746 se
898 3680 1004 3746 risum
1035 3679 1156 3748 incitat
1179 3679 1347 3750 Horatius

202 3786 261 3854 ille
283 3788 367 3855 bene
389 3789 490 3853 notus
513 3790 624 3874 polita,
656 3785 710 3852 cui
741 3786 835 3873 quies
864 3784 1031 3875 placebat,
1064 3785 1098 3851 in
1121 3785 1274 3855 venando
1297 3787 1346 3856 la-

292 4006 356 4073 324)
375 4003 482 4071 Burger
500 4002 592 4056 Herm.
612 4005 646 4057 38
665 4005 758 4072 (1903)
784 4020 846 4072 pag.
867 4008 908 4057 21.
947 4003 1066 4074 Jacoby:
1095 4001 1152 4056 Zur
1170 4001 1347 4074 Entstchung

204 4093 253 4149 der
272 4099 339 4148 rom.
352 4094 456 4162 Elegia.
470 4095 541 4149 Mus.
553 4092 641 4148 Rhen.
654 4093 687 4148 N.
701 4094 731 4146 F.
752 4097 786 4150 80
805 4112 831 4163 p.
845 4097 887 4148 75.
925 4094 957 4147 Ε.
971 4094 1073 4149 Maass.
1093 4093 1183 4149 Herm.
1196 4097 1233 4148 24
1250 4095 1350 4165 (1889)

205 4203 230 4254 p.
251 4187 311 4238 523.
416 4186 480 4254 325)
501 4184 529 4238 C.
549 4183 582 4237 H.
602 4184 719 4239 Mueller
738 4184 858 4253 Gottiug.
878 4183 951 4239 Dias.
972 4187 1049 4239 1887.

294 4277 357 4344 326)
376 4274 407 4328 0.
427 4277 459 4328 A.
478 4272 625 4329 Hoffmann
655 4274 732 4329 ‘War
760 4274 852 4329 Horaz
885 4273 1000 4343 lagerl’
1048 4272 1261 4330 Monatsschrilt
1297 4272 1347 4330 fiir
1386 4279 1388 4282 ’

204 4364 307 4419 hibere
326 4365 443 4420 Schulen
463 4366 532 4421 1904
549 4363 617 4420 Heft
638 4369 670 4420 12
688 4380 750 4434 pag.
771 4367 832 4420 665.
