2880 4734
773 95 793 159 2

209 273 271 337 bus
305 269 528 357 scriptoribus
559 268 602 336 ad
626 269 771 335 venandi
806 269 954 336 studium
985 269 1169 356 pertinent,
1202 291 1270 334 non
1291 291 1358 355 quo

208 374 244 441 id
267 397 349 462 opus
373 397 445 441 esse
468 375 512 440 ad
533 375 656 440 librum
679 374 923 460 Cynegeticum
947 397 972 439 s.
997 375 1027 438 d.
1053 375 1163 440 ordini
1194 375 1358 461 temporis

208 484 303 547 recto
325 480 398 545 loco
421 480 638 545 inserendum
664 480 807 560 credam,
837 479 895 546 sed
919 484 958 545 ut
981 479 1041 545 hoo
1065 479 1173 566 primo
1197 479 1358 566 opusculo

207 585 289 650 mibi
325 585 398 672 ipse
435 585 693 651 fundamentum
732 607 853 671 ponam
897 586 940 651 ad
978 584 1103 650 similes
1142 564 1359 671 quaestiones

208 691 418 756 tractandas.
465 689 516 755 Ne
538 690 677 754 nimium
700 694 862 776 appetere
886 691 1015 771 videar,
1047 690 1123 754 finis
1156 690 1218 755 fiat
1240 690 1275 753 in
1297 690 1359 753 im-

209 795 380 882 peratoris
403 794 555 881 Augusti
584 797 710 876 aetate,
742 795 801 859 ubi
832 792 1041 861 Graecorum
1064 795 1360 880 Romanorumque

209 922 318 966 mores
342 903 378 965 et
400 899 475 966 vita
505 900 596 965 inter
621 922 656 965 11
691 922 876 985 congruere
910 902 1102 987 coeperunt.
1150 900 1361 984 Quamquam

209 1004 351 1071 concedo
384 1005 493 1071 multa
526 1009 704 1071 essenota
728 1003 888 1071 dovario
913 1005 1027 1096 studio
1050 1004 1196 1070 venandi
1223 1042 1259 1052 -
1284 1026 1360 1068 cum

209 1132 271 1197 per
294 1109 430 1196 singula
453 1108 587 1176 saecula
609 1112 682 1175 tum
705 1108 794 1196 apud
811 1108 960 1175 Graecos
985 1113 1021 1175 et
1036 1109 1204 1174 Romanos
1222 1107 1359 1173 diverso

210 1253 252 1262 —
275 1213 383 1281 adhuc
405 1213 552 1280 nondum
576 1213 686 1279 omnia
708 1213 743 1278 in
765 1237 868 1279 unum
900 1214 1053 1280 libellum
1084 1218 1201 1279 coacta
1233 1216 1268 1278 et
1291 1213 1360 1278 col·

212 1319 301 1386 lccta
324 1319 448 1386 inveni.

300 1443 433 1508 Primus
458 1441 635 1508 materiem
658 1443 710 1508 rei
732 1442 953 1528 cynegeticae
983 1442 1142 1528 antiquae
1172 1441 1360 1528 pleniorem

211 1547 383 1634 congessit
405 1549 508 1634 atque
532 1547 657 1613 iterum
679 1548 870 1634 iterumque
892 1548 934 1613 ab
958 1547 1006 1612 eis
1030 1547 1087 1632 qui
1109 1546 1236 1611 talibus
1258 1547 1359 1611 rebus

211 1652 350 1718 student
373 1651 446 1716 iure
476 1650 638 1717 laudatur
661 1651 858 1737 Ludolphus
882 1650 1058 1738 Stephani.
1103 1650 1272 1737 Imprimis
1295 1649 1361 1715 huo

211 1759 344 1844 spectat
367 1756 503 1822 libellus
529 1755 601 1821 eius
625 1777 711 1822 anno
729 1756 814 1821 1867
828 1755 1021 1845 publicatus
1033 1754 1067 1836 ³).
1112 1756 1192 1842 1111
1213 1755 1359 1820 diversis

210 1862 293 1928 locis
325 1861 407 1926 dicit
438 1883 473 1926 se
506 1883 667 1927 summam
698 1865 833 1928 tantum
865 1861 1028 1929 materiae
1060 1861 1096 1925 in
1118 1861 1231 1947 capita
1263 1864 1361 1927 certa

211 1965 356 2031 divisam
389 1964 547 2050 proferre
579 1965 735 2048 voluisse,
766 1989 834 2033 non
857 1964 1045 2050 singulares
1078 1965 1292 2051 quaestiones
1316 1964 1360 2028 ad

211 2070 309 2136 finem
340 2070 535 2156 perducere.
591 2070 755 2137 Tractare
785 2071 872 2136 enim
907 2070 994 2137 artis
1028 2073 1243 2135 monumenta
1275 2068 1359 2134 satis

212 2175 323 2256 habet,
360 2196 401 2240 ex
423 2175 520 2241 libris
545 2175 683 2262 scriptis
708 2197 748 2242 ea
772 2176 844 2243 sola
866 2175 902 2240 11
932 2172 1209 2242 adnotationibus
1243 2174 1357 2255 affert,

211 2302 299 2368 quae
324 2280 368 2346 ad
391 2280 591 2367 explicanda
622 2279 684 2346 illa
714 2280 815 2346 utilia
838 2280 1052 2346 videbantur.
1099 2278 1170 2344 Nos
1194 2300 1262 2342 non
1293 2300 1360 2342 una

212 2389 377 2471 exparte
401 2385 436 2449 in
470 2385 539 2451 alia
569 2385 762 2451 condicione
785 2407 970 2451 versamur.
1016 2383 1168 2449 Primum
1200 2384 1360 2449 materies

211 2489 264 2556 his
300 2489 532 2576 quadraginta
565 2490 662 2556 annis
696 2490 886 2556 incredibili
919 2489 1016 2556 modo
1051 2492 1152 2555 aucta
1189 2512 1256 2555 non
1293 2488 1361 2552 1111

213 2594 313 2680 11111
337 2594 438 2660 offeri
459 2594 582 2660 nedum
604 2595 667 2661 hoc
689 2595 849 2683 opusculo
883 2594 1028 2662 describi
1058 2596 1184 2680 potest,
1220 2592 1277 2658 sed
1301 2592 1360 2657 eli-

212 2700 327 2785 genda
360 2702 439 2765 sunt
474 2699 635 2787 exempla.
682 2699 813 2767 Deinde
846 2701 882 2766 id
915 2700 1004 2787 quod
1038 2698 1204 2785 Stephani
1237 2697 1361 2762 attulit

212 2804 322 2890 ipsum
344 2803 427 2870 mihi
449 2803 586 2895 videtur
609 2827 677 2870 non
699 2805 856 2871 sufficere
878 2815 1072 2891 propterea,
1097 2803 1185 2889 quod
1205 2805 1362 2887 tempora

214 2909 419 2997 scriptorum
441 2932 560 2997 parum
588 2909 837 2991 discernuntur,
870 2907 965 2975 velut
989 2907 1191 2994 Cynegetici
1213 2904 1361 2972 Pseudo-

213 3013 441 3100 xenophontei
463 3015 612 3101 scriptor
626 3014 766 3081 Ovidius
782 3013 955 3101 Oppianus
979 3012 1076 3098 quasi
1098 3003 1247 3077 eiusdem
1270 3015 1360 3076 1111-

212 3119 260 3186 111
282 3119 415 3186 fuerint
437 3120 534 3187 iuxta
566 3118 761 3186 laudantur.
808 3118 964 3184 Tertium
987 3115 1153 3204 Stephani
1181 3138 1290 3203 neque
1313 3114 1361 3180 hi·

214 3225 357 3291 storiam
379 3224 430 3291 rei
457 3225 677 3312 cynegeticae
708 3225 855 3290 scribere
886 3245 1004 3310 neque,
1036 3222 1199 3310 quomodo
1223 3219 1363 3286 termini

213 3329 369 3413 techuiei,
408 3330 661 3413 translationes,
700 3329 943 3417 descriptiones
978 3328 1049 3394 sim.
1087 3329 1124 3394 iu
1158 3327 1364 3413 scriptorum

215 3458 320 3525 opera
343 3435 475 3502 omnino
507 3436 674 3519 venerint,
705 3435 877 3521 inquirere
907 3435 943 3500 in
972 3434 1082 3501 animo
1115 3433 1270 3511 habebat,
1304 3430 1363 3497 sed

214 3542 302 3609 artis
347 3545 563 3607 monumenta
607 3540 777 3628 explicare
822 3539 1025 3628 scriptorum
1061 3538 1187 3606 auxilio
1242 3535 1363 3602 voluit.

214 3647 333 3733 Neque
357 3649 472 3713 tamen
493 3645 557 3712 hac
578 3644 614 3711 in
637 3668 675 3712 re
698 3644 843 3712 historia
875 3644 1097 3734 supersedere
1128 3642 1251 3730 potuit,
1285 3661 1364 3706 nam

216 3742 400 3838 oportebat
430 3772 505 3817 eum
537 3771 558 3817 a
588 3750 698 3837 poetis
721 3749 881 3817 Romanis
915 3749 959 3816 ad
993 3747 1200 3835 exemplaria
1231 3744 1364 3811 Graeca

173 3911 176 3914 .
215 3854 396 3921 ascendere
427 3840 538 3942 neque
569 3855 752 3942 neglegere
775 3854 941 3920 Arrianus
975 3856 1010 3920 et
1039 3852 1209 3939 Oppianos
1234 3848 1364 3914 Graece

216 3959 374 4042 scribere,
399 3960 549 4026 moribus
572 3982 652 4027 vero
678 3959 729 4024 uti
751 3959 925 4027 Romanis.

307 4172 335 4241 3)
356 4171 484 4241 Comptes
505 4169 615 4238 raudus,
633 4170 810 4239 Petersburg.
844 4174 912 4225 1867
931 4187 995 4240 pag.
1015 4171 1050 4224 59
1071 4185 1131 4238 sqq.
