2880 4734
699 218 741 283 47

144 395 337 464 venationis
361 393 554 483 philosophi
577 397 663 461 erat.
709 392 883 460 Narratur
906 392 995 459 enim
1017 413 1072 459 res
1097 414 1117 457 a
1139 391 1293 477 Diogene

144 502 288 570 Laertio
310 500 363 568 his
385 499 565 587 verbis²¹⁶)
592 498 717 565 ἀκοῦον
747 500 788 582 δι)
818 501 856 564 τὸ
881 498 1054 582 μειράκιον
1077 496 1143 562 κατ’
1176 498 1293 580 ὀλίγον

145 608 311 693 ἐθηράθη.
351 605 479 673 Eodem
500 605 598 672 modo
622 605 663 671 de
678 603 889 693 Hipparchia
904 602 1122 690 traditur²¹⁶)
1138 602 1292 687 ἐθηράθη

146 711 184 779 δὲ
208 725 278 789 τοῖς
301 714 414 796 λόγοις
437 709 491 776 καὶ
507 711 527 795 ἡ
543 710 672 794 ἀδελφὴ
695 720 755 776 τοῦ
778 709 1026 793 Μητροκλέους.
1067 709 1182 776 Etiam
1205 707 1293 775 aliae

145 821 279 906 figurae
300 817 337 883 in
358 815 635 905 philosophorum
658 837 812 882 sermone
835 839 877 882 ex
899 814 1080 881 venatione
1104 813 1176 900 pati
1209 813 1292 880 sole·

147 925 242 1005 hant,
259 922 348 988 siout
361 921 531 1007 Diogenes
548 919 635 986 dixit
645 919 698 1005 2η)
714 918 833 986 ἑαυτὸν
848 915 933 984 κύνα
948 913 1035 984 εἶναι
1056 930 1123 983 τῶν
1138 916 1293 984 ἐπαινου-

147 1028 270 1111 μένων,
292 1026 375 1092 ἀλλὰ
397 1025 523 1109 μηδένα
546 1030 671 1108 τολμᾶν
693 1036 761 1091 τῶν
784 1025 1013 1091 ἐπαινούντων
1037 1020 1223 1103 συνεξιέναι
1240 1021 1293 1088 ἐπὶ

147 1135 210 1216 τὴν
231 1136 353 1216 θήραν.

236 1273 399 1341 Fortasse
422 1273 512 1340 latet
534 1274 570 1338 in
592 1272 659 1339 alio
684 1295 813 1361 quoque
837 1273 947 1339 facete
970 1270 1118 1339 eiusdem
1133 1271 1295 1358 Diogenis

149 1380 241 1447 dioto
251 1379 305 1466 218)
338 1380 494 1446 venatica
525 1379 721 1461 translatio,
756 1377 814 1465 qui
845 1400 919 1444 oum
952 1378 1087 1445 videret
1121 1379 1296 1462 μειράκιον

149 1492 375 1572 φιλοσοφοῦν,
405 1481 481 1568 εύγε
510 1480 603 1550 εἶπεν
632 1484 682 1551 ὅτι
712 1488 791 1560 τοὺς
818 1495 879 1549 τοῦ
908 1486 1059 1567 σώματος
1081 1483 1221 1566 ἐραστὰς
1243 1481 1297 1548 ἐπὶ

149 1595 188 1657 τὸ
210 1601 268 1675 τῆς
290 1601 397 1676 ψυχῆς
411 1591 532 1667 κᾶλλος
546 1591 706 1673 μετάγεις.
743 1591 958 1676 Metagontes
975 1589 1064 1656 enim
1080 1592 1161 1656 sunt
1173 1587 1298 1655 Graeci

149 1719 251 1764 canes
273 1696 422 1763 venatici
444 1719 504 1784 per
527 1696 648 1764 Gratti
670 1717 803 1763 carmen
825 1695 974 1781 notim).

239 1840 325 1906 Post
374 1838 459 1905 hanc
509 1837 753 1926 digressionem
797 1837 839 1903 ad
886 1842 1036 1904 oratores
1082 1834 1296 1904 revertimur.

149 1944 395 2012 Demosthenes
432 1943 520 2009 enim
552 1942 752 2009 Aeschinem
786 1943 965 2030 proverbio
999 1964 1076 2008 usus
1111 1940 1234 2007 irridet
1244 1938 1298 2025 220)
1369 1932 1371 1935 ⁵

151 2056 242 2133 λαγῶ
264 2053 341 2140 βίον
364 2055 419 2135 ζῇς
441 2050 560 2125 δεδιὼς
582 2046 636 2113 καὶ
658 2049 788 2132 τρέμων
810 2045 864 2112 καὶ
881 2045 931 2112 ἀεὶ
947 2051 1179 2132 πληγήσεσθαι
1195 2065 1297 2129 προσ-

151 2158 271 2222 δοκῶν.
328 2152 413 2218 Mihi
449 2155 555 2220 verba
592 2152 829 2220 Demosthenis
868 2175 941 2219 cum
976 2143 1154 2218 Aeschinis
1195 2173 1298 2238 supra

152 2259 421 2328 commemoratis
451 2260 611 2342 θηρεύων
641 2257 881 2343 συγκυνηγέται
913 2258 1093 2324 cohaerere
1126 2256 1297 2323 videntur.

151 2365 246 2433 Illud
268 2363 505 2432 Demosthenis
530 2369 801 2449 περιστοιχίζεται
825 2386 898 2431 esse
928 2362 1142 2429 senatorium
1165 2361 1298 2448 Harpo-

153 2471 285 2538 cration
307 2472 427 2536 auctor
443 2473 505 2551 est.
530 2469 620 2555 apud
637 2492 733 2557 quem
756 2469 818 2534 hoo
841 2469 1004 2557 scriptum
1027 2468 1169 2554 legimus
1186 2473 1299 2551 Δημο-

154 2575 280 2660 σθένης
302 2573 379 2659 [IV‚
392 2575 425 2660 9]
449 2574 485 2640 ἐκ
506 2586 696 2660 μεταφορᾶς
718 2587 786 2641 τῶν
807 2586 1016 2658 κυνηγετῶν·
1038 2576 1120 2639 κατὰ
1149 2574 1212 2656 γὰρ
1242 2573 1300 2647 τὰς

154 2681 318 2767 ἐκδρομὰς
338 2692 406 2746 τῶν
427 2686 561 2764 θηρίον
584 2683 672 2765 ὀρθὰ
695 2682 776 2759 ξύλα
801 2682 932 2746 ἱστᾶσιν
947 2679 966 2745 ἃ
982 2685 1122 2746 καλοῦσι
1147 2683 1301 2765 στοίχους

153 2786 338 2872 ἣστόχους
360 2811 387 2850 κ.
401 2810 429 2850 τ.
444 2790 471 2850 λ.
515 2785 616 2853 Alius
646 2808 778 2874 quoque
807 2786 972 2852 terminus
1005 2785 1138 2851 oratori
1171 2783 1323 2849 cuidamv

153 2891 292 2981 placuit.
328 2890 577 2978 Harpocration
600 2892 688 2958 enim
702 2891 814 2958 tradit
830 2915 853 2957 s.
868 2915 899 2955 v.
916 2890 1089 2973 ἀρκυυρός
1104 2891 1301 2975 Lycurgum

153 2999 191 3065 in
213 2997 368 3065 oratione
384 2998 465 3063 κατὰ
481 3000 717 3083 Μενεσαίχμου
731 2996 792 3063 hac
808 3018 889 3063 voce
905 3017 978 3062 esse
998 3019 1104 3062 usum.
1142 2995 1301 3082 Apparet

153 3104 352 3190 Lycurgum
381 3102 494 3169 verbis
526 3101 593 3168 suis
622 3100 803 3168 inseruisse
832 3099 1093 3167 translationem
1124 3097 1299 3186 quandam,

155 3207 246 3294 quod
273 3207 308 3273 in
336 3205 397 3272 illa
427 3207 581 3273 oratione
612 3229 683 3272 rem
714 3205 821 3272 fuisse
851 3205 892 3272 de
923 3209 1050 3273 venatu
1079 3209 1140 3272 aut
1169 3202 1300 3270 retibus

156 3311 320 3380 venaticis
335 3334 404 3378 non
419 3311 528 3379 credo.
564 3311 695 3378 Contra
711 3310 836 3398 optime
849 3311 1021 3395 ἀρκυωρὸς
1033 3310 1145 3377 refert
1158 3306 1302 3396 speciem

156 3416 299 3484 hominis
323 3416 474 3500 alicuius,
505 3416 561 3504 qui
583 3416 766 3504 perniciem
788 3415 995 3503 inopinantis
1025 3412 1216 3482 adversarii
1247 3435 1301 3477 ex-

157 3519 298 3611 spectet.
344 3523 466 3610 Itaque
489 3522 628 3589 affectui
652 3522 800 3589 oratoris
824 3521 1009 3588 translatio
1033 3525 1087 3587 est
1109 3518 1300 3586 tribuenda.

156 3628 347 3715 Utrumpex
370 3627 445 3694 vita
467 3626 637 3693 cotidiana
660 3626 919 3693 Atheniensium
941 3625 1122 3713 sumpserit
1152 3646 1196 3690 an
1225 3646 1301 3705 non,

158 3733 272 3801 eodem
294 3733 369 3798 iure
391 3731 558 3799 affirmari
582 3754 646 3820 quo
669 3731 789 3818 negari
811 3733 937 3819 potest.

248 4018 312 4083 215)
333 4015 433 4070 ΡοΙοιο.
452 4016 499 4085 IV,
511 4019 551 4071 16.
704 4018 768 4083 216)
787 4017 869 4086 Hipp.
890 4017 969 4086 Vl,7.
1122 4016 1185 4084 217)
1204 4015 1303 4083 V1,33.

248 4107 311 4176 218)
332 4105 400 4174 v1,2
421 4108 489 4176 (55).
647 4109 712 4176 219)
732 4107 778 4161 Gr.
799 4123 880 4162 carm.
900 4122 959 4161 von.
977 4125 1004 4161 v.
1023 4109 1083 4162 221.

246 4196 310 4264 220)
329 4194 408 4249 Dem.
430 4195 530 4264 XVIII,
540 4198 599 4251 263.
