2880 4734
152 113 294 194 borans,
313 109 350 177 id
371 107 468 198 quod
483 107 617 175 Gemoll
647 105 767 174 iocosis
786 105 904 174 verbis
935 105 1097 195 exprimit
1120 106 1171 174 his
1196 107 1293 175 fere:

151 215 279 303 (Semel
300 218 434 283 tantum
456 215 732 281 commemoratur
747 212 935 299 despectus,
961 212 1075 300 quiex
1091 212 1162 280 alto
1178 215 1292 281 monte

150 325 282 412 pateat.
331 319 480 388 Mortem
514 322 628 397 autem
662 316 855 386 conscendit
886 318 1012 386 baccha
1046 317 1187 402 Graeca,
1223 341 1291 385 non

150 430 255 516 potita
277 426 458 510 Romanus,
490 424 547 514 qui
568 424 688 491 habitu
719 423 870 512 corporis
903 424 1017 491 brevis
1046 427 1150 512 atque
1173 424 1292 491 obesus

151 554 238 598 unus
262 551 304 598 ex
326 531 374 597 eis
398 532 484 613 erat,
508 528 566 617 qui
588 532 718 596 montes
742 531 785 595 ab
799 529 865 596 imo
881 528 1047 617 inspicere
1062 530 1296 618 praeoptent>

152 636 220 720 Qui
243 658 340 719 error
363 634 401 701 Ο.
425 635 468 702 A.
491 633 687 702 Hoffmanni
719 657 760 701 ex
781 634 884 713 nimio
907 634 1037 702 Dianae
1065 657 1178 703 amore
1202 639 1296 703 ortus

152 744 215 809 est.
261 739 372 807 Multa
395 739 481 806 enim
504 742 540 807 et
567 739 760 806 dulcissima
788 739 881 806 lectu
899 761 997 827 -quae
1028 744 1230 827 argumenta
1252 742 1294 808 H.

151 847 258 913 affert
279 868 321 913 ne
344 843 514 911 minimum
536 843 669 932 quidem
692 845 808 913 valent
832 843 876 912 ad
899 845 1080 912 Horatium
1109 849 1172 913 aut
1193 846 1296 913 alium

151 949 317 1040 quendam
332 950 520 1018 Romanum
532 950 822 1037 comprobandum
838 953 1041 1018 venatorem.
1087 951 1129 1017 In
1145 951 1197 1018 his
1215 956 1295 1020 sunt

151 1057 294 1144 primum
333 1054 575 1143 descriptiones
614 1057 758 1122 naturae
796 1054 993 1143 similiaque,
1033 1078 1119 1143 quae
1156 1056 1294 1126 Graecis

151 1162 263 1250 poetis
280 1160 395 1249 deberi
409 1161 500 1228 inter
516 1182 631 1236 omnes,
645 1162 794 1227 constat.
823 1160 979 1248 Respioio
996 1162 1161 1229 carmina:
1188 1162 1293 1230 Vides

150 1270 189 1334 ut
213 1266 287 1334 alta
312 1306 349 1314 —
375 1263 529 1333 Solvitur
562 1265 650 1335 acris
682 1264 787 1338 hiems
813 1303 851 1313 -
877 1266 904 1333 Ο
936 1266 1012 1333 fons
1035 1266 1227 1335 Bandusiae
1251 1307 1294 1316 —

150 1371 354 1440 Miserarum
377 1375 430 1440 est
452 1411 496 1420 —
518 1374 688 1459 postremo
713 1369 953 1463 Callimachum
981 1371 1024 1438 ad
1047 1372 1153 1439 verba
1176 1373 1291 1440 lauda-

150 1482 234 1546 tum.
279 1476 397 1565 Neque
419 1477 526 1565 magis
549 1500 611 1545 nos
635 1476 764 1546 attinet
795 1464 930 1544 luxuria
952 1478 1018 1545 cibi
1040 1477 1083 1545 ad
1107 1481 1293 1545 extremum

150 1583 250 1651 finem
273 1583 446 1671 perducto,
478 1605 544 1672 qua
566 1607 633 1652 non
657 1583 764 1651 solum
786 1588 905 1672 pastus
928 1583 1081 1651 ferarum
1101 1588 1136 1653 et
1160 1588 1293 1674 tempus

151 1689 304 1777 capiendi
326 1688 626 1773 determinabatur,
661 1688 718 1757 sed
743 1689 844 1756 etiam
871 1689 1034 1758 fecundae
1056 1690 1184 1778 leporis
1208 1692 1294 1759 armi

151 1795 364 1882 petebantur.
411 1794 479 1861 Eos
507 1798 697 1878 venatores
728 1795 848 1882 quibus
879 1818 1014 1863 mensae
1044 1797 1203 1863 nobilium
1226 1798 1292 1864 Ro-

149 1922 324 1968 manorum
347 1902 446 1967 erant
469 1899 646 1980 curandae,
679 1923 747 1966 non
776 1900 881 1968 fuisse
912 1902 1041 1969 nobiles
1075 1924 1177 1989 supra
1199 1903 1293 1970 affir-

148 2006 248 2075 mavi.
293 2006 410 2094 Neque
434 2006 599 2073 Horatius
622 2006 695 2094 ipse
719 2027 853 2074 carnem
874 2007 1021 2074 ferinam
1046 2008 1210 2095 despexit,
1234 2008 1293 2076 sed

149 2110 352 2178 Nnmouium
375 2111 496 2179 Valam
527 2110 708 2199 diligenter
738 2116 841 2199 rogat
872 2112 908 2179 in
930 2112 1089 2201 epistula,
1120 2136 1219 2203 quam
1243 2115 1291 2182 vi-

149 2239 249 2284 surus
273 2217 406 2285 Veliam
428 2217 695 2304 praemittitffi),
727 2218 874 2305 <tractus
899 2221 977 2286 uter
1004 2219 1121 2306 plures
1144 2220 1288 2308 leporeS,

149 2325 227 2391 uter
251 2322 370 2391 educet
392 2324 519 2411 apros>.

234 2447 385 2515 Probare
406 2471 474 2515 non
496 2471 639 2537 possum,
664 2448 753 2537 quod
768 2449 811 2514 H.
828 2471 930 2516 versu
945 2451 1003 2538 qui
1019 2449 1172 2538 sequitur
1187 2450 1287 2538 plane

148 2551 303 2639 neglecto
334 2552 422 2621 hunc
451 2577 631 2642 perperam
661 2555 809 2642 explicat
839 2578 877 2621 eo
908 2555 1025 2621 modo:
1058 2557 1112 2623 Da
1135 2578 1172 2622 er
1195 2555 1290 2622 nieht

148 2657 198 2724 als
221 2657 539 2746 Wildprethiindler
562 2659 670 2727 dieses
694 2661 866 2728 Interesse
899 2660 1081 2742 bekundet,
1106 2699 1147 2708 —
1171 2660 1289 2728 diirfte

148 2786 184 2830 er
207 2787 269 2833 vor
293 2765 362 2832 sich
395 2764 452 2831 hin
481 2766 641 2852 gepfiffen
672 2765 798 2832 haben:
826 2765 929 2851 ,Was
961 2766 1090 2854 gleicht
1112 2765 1204 2834 wohl
1227 2767 1292 2834 auf

147 2870 261 2937 Erden
298 2870 372 2938 dem
409 2871 753 2959 Jagervergniigen!“
818 2871 914 2955 Sane,
960 2872 1108 2939 vendere
1155 2895 1288 2939 carnem

146 2976 291 3043 ferinam
312 2976 488 3044 Horatius.
508 2978 628 3059 noluit,
659 2977 717 3044 sed
742 2978 851 3061 edere,
885 2978 1037 3066 quamvis
1061 2979 1130 3045 sint
1155 2979 1288 3066 lepores

145 3080 199 3148 illi
222 3085 258 3148 et
280 3083 354 3170 apri
375 3104 442 3149 non
458 3082 499 3149 ab
517 3105 561 3165 se,
586 3082 645 3149 sed
661 3105 682 3150 a
697 3084 913 3151 venatoribus
936 3084 1128 3169 interfecti,
1153 3106 1288 3151 versum

146 3186 234 3254 enim
257 3189 298 3255 ab
321 3189 364 3255 H.
389 3188 545 3255 omissum
567 3187 682 3277 legas:

233 3328 389 3416 <Pinguis
421 3334 460 3397 ut
489 3329 566 3398 inde
595 3330 728 3398 domum
750 3332 875 3420 possim
898 3333 1099 3421 Phaeaxque
1130 3332 1286 3419 reverti>

231 3469 380 3539 Restant
413 3476 527 3540 autem
559 3472 625 3540 loci
659 3475 777 3563 quibus
812 3478 955 3564 apparet
988 3478 1062 3542 tum
1097 3475 1285 3565 opinionem

145 3573 374 3643 Romanorum
396 3599 470 3645 esse
492 3582 667 3647 mutatam.

232 3753 418 3824 Praeterea
451 3756 588 3826 videtur
622 3758 866 3829 concedendum
901 3782 974 3828 esse
1011 3758 1156 3826 rusticos
1192 3756 1284 3826 illius

144 3858 271 3926 aetatis
295 3858 442 3929 homines
465 3864 605 3931 venatui
629 3887 664 3932 se
687 3864 864 3949 dedidisse,
895 3866 936 3933 ut
959 3864 1022 3932 sibi
1044 3864 1152 3932 hieme
1175 3864 1284 3934 cibum

234 4056 559 4130 emmmmm
