2880 4734
700 141 744 208 20

145 306 241 405 cipue
264 321 342 404 post
370 321 502 383 sextum
535 317 702 383 saeculum
737 314 945 403 exemplaria
976 314 1139 381 imitando
1172 314 1297 402 repeti.

145 421 261 489 Facile
283 421 357 488 fieri
380 421 504 510 potuit,
536 426 576 488 ut
598 421 727 488 artifex
752 442 859 509 pauca
880 420 1078 502 mutaverit,
1110 440 1196 507 quae
1228 442 1299 486 non

145 550 187 594 ex
216 532 343 595 natura
373 525 432 592 sed
466 528 508 593 ab
540 526 607 593 alio
641 526 795 613 exemplo
826 525 914 592 alius
944 523 1079 611 generis
1115 524 1298 612 depromp-

145 633 206 700 sit:
262 632 398 714 Tamen,
436 654 478 697 ne
516 631 705 698 artificibus
742 630 869 697 iniuria
911 630 991 712 fiat,
1036 629 1212 697 redeamus
1252 629 1299 695 ad

145 738 222 805 illas
245 737 407 823 imagines
422 736 558 802 Atticas
580 736 649 822 nig.
667 736 735 823 fig,
758 735 936 823 inquibus
961 757 1001 801 ex
1024 738 1170 822 utraque
1192 739 1297 822 parte

145 844 276 931 equites
309 865 444 910 cervum
477 841 680 929 opprimunt.
729 841 802 924 Quo
835 845 988 928 tempore
1017 832 1162 927 primum
1184 839 1296 907 Athe-

144 950 277 1017 nienses
307 948 437 1036 equites
473 947 515 1014 ad
547 948 637 1014 bella
668 945 895 1029 adhibuerint,
928 945 1056 1013 acriter
1087 942 1298 1013 dissentiunt

145 1055 176 1121 ei
199 1053 425 1140 archaeologi,
457 1052 515 1141 qui
537 1057 680 1140 propter
713 1054 912 1136 δοκιμασίαν
942 1050 1029 1118 hanc
1062 1050 1298 1138 quaestionem

144 1161 387 1225 tractaverunt
398 1157 443 1238 ⁷⁹).
503 1156 653 1223 Ultimus
691 1155 733 1222 de
770 1156 832 1223 hac
868 1179 905 1222 18
944 1155 1016 1242 egit
1052 1154 1197 1241 Helbig,
1236 1155 1298 1243 qui

144 1262 302 1331 Atticum
334 1264 522 1352 equitatum
555 1285 597 1328 ex
620 1260 885 1328 Atheniensibus
918 1261 1009 1327 inter
1041 1281 1146 1327 annos
1169 1259 1233 1325 477
1260 1264 1298 1326 et

143 1368 209 1434 472
232 1369 417 1435 formatum
440 1390 514 1435 esse
540 1365 751 1455 computavit
762 1363 811 1448 ⁸⁰).
852 1366 1073 1452 'Quocumque
1103 1362 1201 1431 modo
1236 1387 1296 1431 res

145 1472 317 1557 sehabet,
350 1473 523 1561 equitatus
546 1469 708 1538 1111118118
733 1471 872 1537 Atticus
904 1469 1057 1557 componi
1078 1491 1145 1535 non
1168 1454 1316 1555 potuit,

143 1578 210 1645 nisi
243 1578 374 1667 equites
405 1577 605 1645 adfuissent.
650 1576 793 1664 Equites
826 1579 939 1642 sutem
963 1578 1063 1642 818111
1092 1573 1224 1641 nobiles
1259 1578 1298 1640 et

144 1683 272 1751 divites
287 1684 425 1751 iuvenes
442 1682 680 1764 Athenienses,
704 1681 761 1770 qui
785 1705 827 1748 ex
851 1680 937 1747 satis
960 1678 1109 1767 antiquis
1132 1679 1298 1766 tempori·

144 1791 206 1855 bns
241 1788 408 1876 impensas
443 1787 614 1853 faciebant
647 1786 683 1852 in
716 1808 828 1875 equos.
881 1784 985 1852 Certo
1020 1784 1078 1849 diu
1112 1783 1298 1872 antequam

145 1893 318 1980 equitatus
342 1891 503 1957 militaris
525 1890 786 1958 Atheniensium
818 1889 965 1971 exstitit,
998 1889 1135 1956 iuvenes
1162 1888 1297 1956 nobiles
1352 1878 1355 1885 ’

143 2020 205 2086 per
237 1998 321 2064 fines
355 1997 555 2084 equitabant
586 1997 711 2064 armati
745 1997 873 2063 duobus
896 1995 965 2061 illis
987 1993 1117 2077 iaculis,
1149 1994 1297 2080 quaein

145 2101 346 2189 imaginibus
384 2123 545 2188 persaepe
581 2099 842 2188 conspiciuntur.
895 2101 1013 2187 Atque
1050 2098 1135 2164 nihil
1171 2096 1295 2166 melius

143 2208 204 2275 hos
228 2207 378 2289 decebat,
412 2227 510 2294 quam
534 2205 640 2272 otium
662 2204 754 2293 pacis
778 2205 958 2272 venatione
990 2226 1107 2271 earum
1129 2202 1294 2287 ferarum,

143 2313 264 2401 quibus
298 2315 428 2377 montes
462 2309 575 2377 Attici
607 2315 681 2377 tum
715 2309 848 2397 quidem
882 2309 1109 2392 abundabant,
1142 2307 1293 2395 explere.

144 2416 315 2504 Imprimis
340 2438 477 2482 cervum
491 2415 596 2481 fuisse
611 2414 775 2503 praedam
788 2436 904 2481 eorum
920 2415 1084 2497 existimo,
1110 2412 1168 2480 sed
1184 2435 1295 2501 neque

145 2545 261 2610 aprum
286 2521 457 2589 occasione
480 2520 563 2587 data
585 2521 775 2588 timuerunt
797 2543 905 2608 neque
923 2519 1115 2608 lepusculos
1131 2517 1294 2605 despicie-

144 2630 237 2711 bant,
270 2626 306 2693 id
338 2625 427 2715 quod
458 2625 661 2712 imaginibus
693 2626 834 2693 heroum
855 2625 892 2691 in
914 2625 1046 2713 ectypis
1077 2623 1205 2691 votivis
1226 2623 1295 2689 ‘diu

145 2723 293 2800 servatis
321 2735 473 2820 apparet.
517 2731 569 2798 Dc
590 2731 643 2798 his
666 2734 766 2799 rebus
797 2734 919 2820 postea
939 2730 1041 2819 plura
1061 2728 1293 2818 proferentur.

613 3034 657 3101 118
681 3034 826 3102 Homero.

231 3175 457 3242 Transeamus
485 3173 528 3240 ad
549 3173 688 3240 litteras
713 3177 749 3240 et
770 3172 915 3260 primum
946 3173 1080 3260 quidem
1102 3171 1145 3238 ad
1168 3171 1291 3238 Home-

144 3279 217 3347 rica
248 3280 405 3347 carmina.
451 3279 539 3346 Nam
570 3277 711 3365 egregia
741 3277 803 3345 illa
834 3279 995 3366 exempla,
1029 3279 1148 3367 quibus
1172 3299 1291 3345 narra·

145 3386 256 3453 tiones
280 3385 480 3452 Homericae
502 3384 545 3452 ad
567 3405 699 3472 pugnas
722 3383 842 3450 melius
867 3383 1082 3472 explicandas
1105 3383 1290 3465 abundant,

143 3512 267 3578 magna
297 3513 340 3557 ex
359 3494 459 3578 parte
491 3490 533 3557 de
556 3493 683 3556 venatu
716 3488 893 3576 desumpta
916 3495 1006 3557 sunt.
1052 3490 1121 3557 Vix
1143 3510 1290 3577 unquam

143 3594 198 3663 vir
221 3594 351 3677 doctus,
383 3593 504 3682 quide
527 3593 665 3660 Homeri
697 3593 770 3661 sive
803 3594 965 3661 sermonis
988 3594 1123 3661 ratione
1153 3594 1225 3662 sive
1248 3593 1290 3660 de

232 3796 279 3862 79)
298 3792 397 3846 Kbrte:
419 3794 500 3846 Arch.
519 3793 579 3862 Ztg.
602 3796 678 3848 1880.

298 3880 458 3936 Holwcrda:
479 3881 574 3936 Jahrb.
594 3880 619 3935 d.
639 3882 713 3935 arch.
733 3882 799 3935 Inst.
819 3885 837 3934 4
855 3882 958 3951 (1889).

294 3971 433 4039 Hartwig:
452 3970 679 4025 Meisterschalen
697 3988 723 4038 p.
744 3970 817 4025 LlII.

233 4064 279 4130 80)
298 4061 443 4116 Memoires
463 4059 497 4114 de
515 4060 649 4114 l’lnstitut
667 4059 799 4115 Nationel
818 4057 851 4114 de
870 4059 985 4128 France,
1008 4058 1154 4114 Academia
1179 4058 1227 4115 des
1246 4061 1289 4114 In-

143 4151 292 4219 scriptions
314 4157 341 4206 et
359 4150 580 4206 Belias-Lethes.
619 4149 695 4204 Tum.
715 4149 855 4219 XXXVII,
874 4150 910 4218 II,
930 4165 992 4219 pag.
1015 4152 1074 4205 157.
1111 4148 1190 4203 Paris
1211 4153 1288 4206 1904.

143 4246 171 4296 et
189 4241 282 4295 Herm.
302 4240 351 4295 XL
371 4256 433 4310 pag.
455 4243 513 4295 105.
