2880 4734
701 235 743 334 ν»

237 408 308 475 Νεο
331 407 578 476 translationes
602 408 642 474 de
659 407 838 475 venatione
854 407 1047 496 desumptas
1069 408 1231 494 neglexit,
1256 413 1296 476 ut

147 537 226 580 eum
258 513 315 602 qui
349 513 442 602 patri
473 513 608 582 virtute
645 513 796 581 succedit
832 513 895 579 hoc
928 512 1025 581 modo
1059 513 1219 602 pingeret
1231 513 1294 599 ¹⁰4).

147 619 337 687 Praeterea
361 620 467 687 verba
484 621 604 706 ἰχνεύοτ
617 618 670 702 1οό)
694 623 729 686 et
752 621 889 705 capedo
901 617 954 705 106)
978 619 1148 686 translate
1165 618 1297 686 usitata
1344 649 1347 668 ι

144 724 378 791 inveniuntur.

235 829 285 895 Ut
306 851 373 895 uno
395 830 500 897 verbo
525 829 636 896 omnia
657 828 944 917 comprehendam,
978 829 1127 897 studium
1150 829 1296 897 venandi

146 933 290 1001 Pindari
313 938 367 1001 est
389 934 559 1000 Doricum.
605 934 789 1001 Dorienses
820 934 948 1002 nobiles
981 934 1145 1022 imprimis
1168 935 1236 1002 vim
1259 939 1294 1002 et

148 1038 316 1109 virtutem
351 1038 501 1126 corporis
535 1038 721 1122 coluerunt,
760 1038 848 1106 idem
885 1039 1038 1118 venando
1079 1040 1294 1108 studuerunt.

146 1148 200 1210 Ac
222 1143 391 1211 Pindarus
415 1144 580 1212 virtutem
604 1144 763 1212 Doricam
794 1144 1024 1231 praedicabat.
1070 1145 1192 1232 Itaque
1214 1168 1294 1212 non·

145 1248 242 1316 nulla
264 1248 306 1316 de
327 1249 668 1317 Lacedaemoniorum
692 1250 805 1317 studio
827 1249 974 1318 venandi
996 1250 1075 1316 addi
1097 1253 1249 1338 possunt.

234 1371 352 1440 Multis
375 1373 585 1458 argumentis
608 1371 774 1439 affirmari
796 1372 984 1461 Spartanos
1006 1373 1113 1440 fuisse
1136 1377 1294 1441 strenuos

145 1479 329 1543 venatores
361 1500 428 1543 non
459 1499 541 1565 opus
575 1481 638 1544 est.
688 1477 970 1544 Lacedaemonios
1003 1478 1169 1545 virtutem
1201 1465 1295 1544 suam

144 1579 302 1647 bellicam
338 1581 492 1649 venando
531 1593 750 1649 conservasse
787 1582 936 1670 antiquis
976 1583 1200 1671 scriptoribus
1238 1604 1294 1649 res

146 1691 242 1754 certa
264 1687 342 1762 fuit
381 1686 464 1754 Cum
487 1686 523 1753 in
545 1687 677 1774 legibus
699 1687 855 1755 Platonis
880 1687 1036 1774 (septimo
1059 1687 1171 1776 capite
1194 1687 1295 1774 primi

144 1791 241 1878 libri)
263 1793 302 1857 τὰ
324 1802 383 1876 τῆς
406 1791 561 1876 ἀνδρείας
584 1793 825 1878 ἐπιτηδεύματα
842 1797 906 1860 etc.
929 1790 1136 1876 tractantdr,
1171 1792 1293 1881 hospes

144 1894 431 1963 Lacedaemonius
453 1900 533 1984 post
550 1902 702 1963 συσσίτια
719 1896 773 1964 καὶ
789 1899 957 1981 γυμνάσια
972 1900 1056 1981 πρὸς
1070 1900 1130 1963 τὸν
1147 1901 1294 1981 πόλεμον

144 2001 297 2068 nominat
329 2001 561 2068 venationem:
601 2005 721 2086 Τρίτον
751 1999 878 2086 τοίνυν,
908 2003 1002 2086 ἔγωγ’
1029 2002 1149 2087 εἴποιμ’
1175 2002 1217 2067 ἂν
1239 2000 1294 2067 καὶ

147 2107 422 2191 Λακεδαιμονίων
445 2107 613 2190 ὁστισοῦν,
638 2109 699 2191 τὴν
720 2112 833 2192 θήραν
848 2104 947 2192 εὗρεν
970 2107 1001 2193 (ὁ
1018 2106 1217 2191 νομοθέτης)
1231 2105 1292 2192 ¹⁰⁷).

145 2210 325 2296 Lycurgus
349 2210 574 2297 Xenophonte
605 2216 744 2278 auctore
779 2212 993 2278 venationem
1028 2211 1179 2277 omnibus
1207 2210 1293 2278 viris

143 2315 329 2399 mandavit,
353 2314 624 2382 adulescentibus
647 2321 683 2384 et
706 2315 834 2383 adultis
847 2316 911 2402 108).
945 2315 1049 2403 Apud
1072 2314 1293 2382 Lacedaemo-

143 2420 218 2486 nios
243 2442 368 2486 morem
391 2420 498 2487 fuisse
521 2421 675 2487 traditur
688 2419 748 2502 ¹⁰⁹),
783 2421 910 2488 utiam
932 2421 1028 2508 pueri
1051 2442 1148 2487 mane
1171 2420 1214 2486 ad
1237 2442 1293 2487 ve·

144 2523 292 2591 nandum
337 2524 585 2607 emitterentur,
630 2545 738 2613 neque
783 2524 911 2608 dubito,
957 2526 1039 2613 quin
1077 2547 1294 2612 permagnum

145 2628 290 2696 venandi
314 2629 464 2696 studium
486 2652 527 2696 ex
542 2630 706 2718 pristinae
729 2631 945 2716 migrationis
969 2630 1180 2719 temporibus
1204 2628 1293 2717 apud

146 2734 330 2801 Dorienses
353 2735 591 2822 permanserit.
629 2735 800 2802 Isocrates
825 2735 957 2823 quidem
974 2759 1029 2802 eos
1047 2759 1120 2802 esse
1138 2757 1291 2821 egressos

145 2837 229 2906 dicit
262 2842 342 2926 „per
378 2839 520 2926 speciem
554 2839 708 2922 venandi,
741 2862 779 2905 re
811 2863 893 2907 vera
924 2844 1038 2907 autem
1061 2844 1100 2907 ut
1131 2838 1292 2926 agricolis

145 2943 242 3009 furta
263 2942 448 3026 facerent“,
481 2945 540 3011 sed
564 2945 645 3011 baec
677 2967 744 3011 non
776 2944 847 3011 sine
879 2945 1008 3011 invidia
1040 2945 1171 3032 scripta
1203 2947 1291 3009 sunt.

145 3047 247 3114 Certo
271 3047 537 3131 Lacedaemonii,
571 3071 644 3115 cum
668 3049 734 3137 ipsi
756 3054 817 3116 aut
840 3049 937 3136 pueri
970 3072 1084 3117 eorum
1112 3049 1148 3115 in
1170 3048 1291 3114 finibus

144 3150 367 3239 Peloponnesi
384 3155 608 3240 vagabantur,
633 3154 740 3221 socios
758 3176 889 3242 quoque
905 3158 941 3221 et
957 3155 1092 3222 Hilotae
1110 3155 1292 3221 observare

146 3259 181 3323 et
204 3264 355 3325 co‘e'rcere
379 3258 570 3325 voluerunt.

231 3379 278 3445 Et
307 3379 499 3468 philosophi
522 3381 635 3448 Attici
658 3383 773 3469 quarti
807 3382 933 3450 saeculi
964 3386 1000 3449 et
1022 3382 1134 3450 nostri
1156 3381 1292 3469 quidam

145 3489 426 3552 commentatores
451 3508 486 3552 se
510 3486 571 3553 hoc
594 3486 630 3552 in
653 3508 745 3554 more
768 3492 899 3555 certum
921 3488 1097 3554 consilium
1115 3487 1292 3573 legislato-

143 3589 191 3655 ris
225 3590 396 3658 cuiusdam
430 3591 655 3679 antiquissimi
686 3594 764 3680 (quo
800 3593 867 3660 viri
899 3598 936 3660 et
967 3593 1199 3661 adulescentes
1232 3615 1292 3680 per

143 3695 359 3762 venationem
374 3695 417 3762 ad
428 3696 593 3763 virtutem
609 3697 847 3784 educarentur)
859 3721 1061 3784 cognoscere
1076 3721 1176 3785 posse
1192 3703 1291 3785 puta-

144 3805 286 3883 verunt;
311 3800 370 3867 sed
386 3800 462 3867 duri
476 3824 587 3868 mores
605 3803 944 3870 Lacedaemoniorum
959 3826 1027 3870 non
1042 3803 1175 3890 legibus
1192 3807 1291 3870 erant

143 3905 357 3993 praescripti,
382 3904 441 3974 sed
456 3928 498 3972 ex
521 3908 725 3975 necessitate
750 3913 786 3976 et
808 3908 1049 3976 consuetudine
1064 3909 1148 3975 nati.
1183 3907 1291 3975 Velut

146 4065 353 4076 ..ι-...-

218 4184 221 4192 «
237 4155 298 4220 104)
319 4152 346 4206 P.
369 4153 402 4220 X,
425 4157 456 4205 12
476 4152 510 4206 N.
529 4154 576 4220 VI,
596 4157 622 4207 4.
729 4159 789 4219 105)
811 4157 839 4209 P.
859 4156 934 4222 VIII,
955 4160 997 4209 35.
1114 4158 1175 4222 106)
1194 4157 1223 4209 P.
1244 4156 1291 4222 IV,

143 4242 186 4294 90.
206 4240 255 4307 ΠΙ,
274 4243 318 4295 23.
355 4241 388 4296 N.
408 4242 455 4310 XI,
476 4246 518 4296 47.
615 4245 674 4312 107)
693 4243 773 4297 Plato
793 4245 877 4313 Legg.
897 4249 949 4300 633
962 4247 990 4298 Β.
1084 4247 1146 4313 108)
1165 4246 1290 4314 Xenoph.

143 4327 177 4382 de
197 4345 258 4398 rep.
277 4331 341 4384 Lac.
361 4335 386 4400 4,
407 4335 430 4386 7.
549 4336 610 4401 109)
629 4333 713 4387 Isocr.
734 4334 848 4389 Panath.
868 4338 903 4389 84
922 4339 937 4401 s
956 4338 1017 4388 211.
