2880 4734
696 229 739 294 33

144 425 246 473 avum
274 427 348 472 cum
379 404 634 491 consanguineis
665 425 784 492 aprum
815 408 970 470 venatur.
1015 393 1156 469 Ithacae
1183 400 1214 467 ei
1236 403 1290 468 est

144 511 239 577 canis
271 501 394 578 nobilis
430 509 614 592 venaticus,
648 510 706 596 qui
742 531 816 574 cum
852 507 1020 574 dominum
1057 508 1290 574 revertentem

145 615 329 703 cognoscit,
359 615 515 682 moritur.
560 616 603 682 In
632 613 811 680 itineribus
836 612 914 694 suis,
945 612 967 678 i.
990 634 1018 679 e.
1042 611 1077 677 in
1106 611 1288 694 erroribus,

147 743 282 786 cervum
316 723 353 786 et
383 741 503 808 capras
537 718 635 786 sociis
662 719 734 785 cibo
758 717 859 805 capit.
904 716 1002 783 Nunc
1025 715 1196 782 videamus
1219 720 1289 782 ter·

147 825 256 892 minos
278 824 448 892 technicos
472 823 507 889 in
530 824 666 890 fabulae
696 822 812 911 primis
835 821 990 889 versibus
1017 823 1219 906 θηρώμενον
1242 822 1289 909 (2)

147 940 394 1014 κυνηγετοῦντα
424 928 468 1014 (5)
498 935 574 1014 ἴχνη
596 928 790 1014 νεοχάραχθ’
816 927 863 1013 (6)
892 928 1026 1009 εὔρινος
1058 927 1154 1010 βάσις
1188 930 1290 1005 κυνὸς

147 1040 318 1120 Λακαίνης
348 1034 395 1120 (8)
428 1036 548 1117 ίχνεύοο
571 1034 640 1118 (20)
664 1033 827 1119 κατ’ῐχνος
861 1032 961 1119 ᾄσσω,
995 1036 1199 1116 σημαίνομαι
1221 1033 1289 1118 (32)

146 1144 289 1224 κυναγία
308 1139 385 1225 (37).
429 1139 560 1204 Iniuria
574 1137 694 1205 Nauck
717 1160 834 1204 versus
857 1139 943 1204 4-6
966 1136 1081 1204 delere
1104 1140 1140 1204 et
1155 1160 1290 1204 versum

147 1244 244 1311 velut
267 1244 382 1311 Αἴαντ’
409 1247 674 1331 ίχνοσκοττοῦντα
697 1245 965 1329 τεκμαρούμενον
993 1264 1181 1330 supponere
1202 1243 1288 1310 vult.

148 1349 301 1418 Offendit
338 1373 417 1415 vero
453 1350 489 1415 iu
527 1348 779 1417 constructione
815 1350 906 1414 κύων
943 1360 1118 1433 κυνηγετεῑ
1140 1401 1147 1416 .
1170 1347 1289 1415 Ulixes

148 1453 280 1542 quidem
313 1453 478 1540 (quamvis
509 1465 700 1538 κυνηγετῶν
731 1452 767 1519 in
798 1476 901 1520 versu
934 1452 990 1540 qui
1020 1452 1187 1541 sequitur)
1217 1477 1290 1520 cum

149 1581 230 1626 cane
263 1558 430 1626 Laconica
466 1561 684 1646 comparatur
720 1580 827 1646 neque
865 1556 954 1624 ullus
990 1557 1141 1625 Graecus
1178 1558 1290 1625 dicere

149 1666 283 1751 potest:
318 1665 420 1731 ‘canis
449 1686 562 1730 canem
584 1664 627 1730 ad
650 1662 810 1731 venatum
833 1662 947 1730 ducit’.
994 1662 1061 1729 Sed
1082 1686 1124 1730 ne
1145 1664 1289 1730 libertas

150 1768 274 1856 poetici
305 1766 468 1835 sermonis
497 1768 656 1836 laedatur
679 1777 808 1851 caveat,
842 1767 899 1855 qui
922 1791 994 1834 cum
1016 1773 1135 1856 poetas
1159 1771 1291 1835 tractat

150 1873 362 1961 corruptelas
393 1872 565 1959 corrigere
596 1877 748 1940 conatur.
792 1873 880 1941 Nam
910 1895 1038 1940 summa
1067 1876 1144 1939 arte
1167 1871 1291 1938 sensim

148 1978 370 2066 progreditur
397 1985 500 2066 poeta
530 2002 572 2046 cx
599 1981 800 2065 θηρώμενον
829 2001 915 2067 quae
945 1981 997 2046 est
1027 2001 1094 2045 vox
1120 1977 1291 2046 cotidiana

148 2083 193 2150 ad
214 2093 462 2166 κυνηγετοῦντα
484 2083 664 2150 terminum
679 2085 870 2151 venaticum
885 2091 1055 2172 postremo
1070 2083 1114 2150 ad
1129 2082 1292 2150 audacter

149 2187 394 2255 conformatam
416 2187 678 2255 translationem
701 2187 805 2276 ipsius
829 2187 930 2254 canis.
975 2194 1148 2271 θηρᾶσθαι
1172 2210 1232 2274 per
1257 2210 1291 2253 se

150 2292 239 2380 apud
264 2292 413 2360 Graecos
435 2292 522 2360 nihil
545 2292 638 2358 alind
660 2293 726 2358 iam
749 2291 962 2378 significabat
982 2292 1049 2357 nisi
1072 2293 1291 2358 ‘consectari'.

149 2397 223 2464 Hoc
245 2419 327 2484 ergo
357 2398 430 2465 loco
459 2397 614 2465 Minerva
635 2398 755 2485 incipit
776 2397 887 2485 loqui:
921 2395 1081 2464 Iamdiu
1111 2398 1292 2464 observavi

140 2505 186 2577 ¹te
215 2502 358 2570 inimicis
388 2503 457 2570 tuis
489 2525 608 2570 nocere
638 2503 933 2589 concupiscentem.
979 2501 1101 2588 Pergit
1130 2500 1185 2566 καὶ
1216 2513 1290 2584 νῦν,

117 2649 122 2658 -
148 2607 170 2673 i.
189 2631 216 2674 c.
234 2606 296 2675 hoc
311 2608 346 2673 in
363 2630 463 2696 opere
481 2599 517 2675 te
536 2608 643 2674 video.
689 2607 766 2674 Vox
782 2614 955 2692 θηρᾶσθαι
978 2607 1014 2673 in
1036 2607 1146 2673 animo
1168 2611 1290 2694 po'e'tae

150 2709 328 2797 imaginem
360 2711 550 2780 venationis
572 2711 696 2800 posuit.
743 2711 796 2777 Ex
818 2715 982 2778 venatore
1010 2712 1141 2778 transit
1164 2712 1226 2778 dea
1248 2711 1292 2779 ad

151 2836 263 2880 canem
295 2815 406 2903 ipsum
436 2817 528 2882 humi
559 2816 834 2902 investigantem.
880 2816 1001 2902 Itaque
1032 2838 1152 2882 versus
1186 2814 1292 2881 deleri

150 2917 254 2986 nolim
277 2921 379 3006 (Jcbb
410 2921 571 2989 adnotat:
605 2921 676 2988 The
706 2920 892 2988 transition
925 2920 1013 2986 from
1037 2942 1099 2986 one
1120 2921 1231 3007 image
1254 2923 1290 2987 to

150 3023 209 3090 the
232 3024 331 3092 other
352 3026 382 3093 is
404 3026 543 3094 natural
565 3027 631 3094 aud
654 3031 761 3111 easy.)
785 3030 821 3092 et
847 3024 1068 3091 conferendos
1100 3025 1291 3092 commendo

149 3151 219 3195 vss.
242 3131 284 3195 32
308 3135 344 3198 et
366 3132 418 3214 37,
449 3155 515 3219 quo
537 3131 610 3199 loco
634 3132 751 3199 Ulixes
782 3152 922 3197 sevoco
946 3136 1148 3214 caputcaput
1177 3152 1292 3197 canem

154 3233 332 3319 significat,
355 3237 510 3304 Minerva
532 3241 645 3304 autem
667 3236 708 3303 de
731 3241 873 3322 κυναγίᾳ
896 3235 967 3302 eius
989 3235 1152 3323 loquitur.

239 3339 280 3405 In
303 3339 516 3409 Philoctetae
547 3342 664 3408 fabula
696 3344 773 3407 tota
804 3341 878 3407 fere
910 3361 966 3406 res
998 3339 1114 3424 agitur
1148 3340 1188 3405 de
1211 3361 1293 3406 arcu

148 3441 317 3524 Herculis,
342 3448 406 3532 quo
429 3445 473 3511 ad
487 3446 623 3512 Troiam
646 3444 900 3533 expugnandam
924 3467 1007 3532 opus
1030 3467 1101 3510 esse
1121 3445 1293 3511 oraculum

153 3551 304 3616 extabat.
349 3550 477 3617 Eodem
500 3573 580 3618 arou
597 3550 805 3618 Philoctetes
829 3549 1029 3617 vulneratus
1052 3551 1088 3614 in
1103 3549 1214 3618 insula
1230 3550 1294 3617 sibi

152 3674 233 3720 aves
256 3655 330 3721 cibo
352 3659 479 3744 captat.
527 3660 785 3742 Θηροβολοῦντα
807 3666 945 3739 πτηνοῖς
968 3657 1032 3731 ἰοῖς
1049 3654 1292 3743 Neoptolemus

154 3756 382 3828 Philoctetam
397 3762 549 3850 appellat
562 3762 613 3847 ¹⁴²)
629 3764 665 3828 et
679 3768 784 3845 θῆραι
798 3772 955 3846 χαροπῶν
971 3761 997 3825 τ’
1011 3765 1096 3845 ἔθνη
1111 3768 1229 3845 θηρῶν
1241 3760 1292 3845 143)

151 3864 280 3950 praeda
302 3865 373 3934 eius
397 3871 486 3934 sunt.
532 3869 626 3933 Arcu
648 3866 785 3933 videtur
806 3870 927 3954 po'e'tae
951 3865 1080 3933 occasio
1104 3866 1186 3932 data
1209 3889 1292 3948 esse,

152 3970 193 4034 ut
214 3971 448 4037 venaticarum
470 3994 584 4037 rerum
608 3972 709 4039 solito
733 3970 865 4059 saepius
894 3970 1020 4037 mentio
1043 3971 1143 4037 fieret
1165 3970 1293 4058 cogita·

151 4072 300 4141 tionibus
335 4080 455 4162 poetae
488 4074 551 4143 hac
585 4099 622 4143 re
657 4075 840 4143 commotis.
897 4074 974 4162 Ipse
1012 4075 1099 4141 enim
1137 4096 1235 4142 arcus
1272 4098 1294 4142 a

242 4319 304 4388 142)
322 4315 438 4369 Philoct.
461 4318 519 4369 165.
627 4317 689 4382 143)
711 4317 786 4368 1146.

1043 4403 1064 4468 3
