2880 4734
745 226 789 292 40

194 402 421 471 circumeundi
444 401 657 491 opprimendi
688 401 904 489 inopinantes
933 399 1092 489 pulsandi
1122 398 1284 488 captandi
1305 400 1341 465 in

195 509 376 595 perniciem
398 506 585 575 coniciendi
607 506 778 575 vinciendi
809 504 1036 574 interficiendi
1064 505 1174 593 poetis
1198 506 1341 592 tragicis

193 613 323 701 placuit
357 613 429 681 sive
464 612 714 700 superstitiosis
748 611 950 699 imaginibus
984 610 1107 678 Mortis
1146 612 1340 695 venatricis,

195 717 274 785 Orci
297 718 489 807 piscatoris,
526 717 706 784 Furiarum
729 718 939 784 venatricem
970 738 1147 784 saevarum
1181 717 1343 785 commoti

193 827 282 903 sunt,
318 824 390 891 sive
412 845 511 891 voces
543 823 632 890 artis
662 823 839 891 venaticae
872 821 986 888 sonitu
1019 820 1163 910 quodam
1196 822 1340 909 antiquo

193 950 378 996 sermonem
399 928 569 1018 poeticum
600 927 829 994 sublimiorem
858 925 1102 993 reddiderunt:
1132 926 1339 1012 Aeschylus

192 1033 382 1123 Sophocles,
408 1031 587 1120 Euripides
609 1032 785 1100 venaticae
800 1031 887 1098 artis
903 1033 1007 1098 verba
1021 1030 1168 1098 libenter
1182 1031 1217 1096 in
1233 1053 1342 1119 opera

192 1160 253 1205 sua
283 1137 511 1206 inseruerunt.
558 1137 811 1205 Audacissimus
835 1142 888 1203 cst
912 1135 1101 1224 Euripides,
1134 1136 1247 1203 audax
1277 1135 1339 1202 So-

181 1246 326 1334 phocles
363 1247 418 1331 (cf.
444 1258 552 1331 χεῖρες
588 1248 858 1330 συνθηρώμεναι,
900 1246 999 1329 ἐγγὺς
1035 1245 1169 1330 ἀρκύων
1206 1247 1338 1330 ξίφους,

190 1350 348 1418 mulieres
378 1351 620 1436 ιλοριθήραιοι).
667 1349 757 1433 Quin
788 1350 890 1418 etiam
912 1350 1093 1439 Euripides
1122 1349 1206 1417 mihi
1227 1350 1339 1438 philo-

191 1457 314 1545 sophus
337 1455 444 1542 magis
477 1478 576 1544 quam
608 1461 711 1544 poiita
733 1456 871 1524 videtur
901 1455 1127 1523 instrumento
1160 1455 1339 1524 artificiali

188 1561 287 1629 nimis
310 1561 472 1628 audacter
492 1583 574 1627 usus
598 1583 681 1628 esse.
728 1561 826 1644 Quod
847 1564 961 1628 autem
990 1560 1245 1628 artificiale
1272 1565 1336 1643 est,

188 1675 371 1754 propterea
393 1667 452 1733 vin
475 1689 517 1732 ex
541 1666 680 1753 tragicis
712 1665 912 1733 concludere
935 1665 1026 1746 licet,
1058 1687 1115 1732 eos
1137 1687 1210 1733 rem
1233 1687 1337 1733 vena·

187 1773 289 1840 ticam
320 1773 465 1839 novisse.
519 1771 638 1858 Neque
669 1770 779 1858 igitur
813 1771 892 1838 inde
927 1771 1044 1858 colligi
1075 1773 1191 1858 potest
1222 1774 1337 1838 artem

187 1877 377 1944 venaticam
405 1877 457 1943 his
488 1877 697 1965 temporibus
727 1876 818 1964 apud
840 1875 1066 1943 Athenienses
1090 1875 1125 1941 in
1148 1875 1223 1943 vita
1250 1878 1336 1943 coti·

186 1981 288 2049 diana
310 1982 474 2049 floruisse.

541 2175 600 2242 De
623 2175 797 2243 comicis
821 2175 974 2263 potitis.

272 2316 305 2381 A
329 2338 481 2383 sermone
514 2317 606 2384 elato
638 2317 846 2403 tragicorum
877 2320 1055 2403 poctarum
1086 2316 1255 2383 vertimur
1292 2315 1337 2383 ad

185 2419 337 2487 comicos.
384 2420 471 2486 Nam
494 2422 523 2487 si
546 2420 678 2487 omnino
702 2421 839 2488 venatio
863 2424 940 2500 erat
963 2423 1124 2487 consueta
1144 2420 1335 2489 Athenien-

185 2524 277 2591 sibus
312 2525 405 2606 viris,
440 2524 495 2591 hic
523 2525 753 2593 venaticarum
786 2547 901 2592 rerum
935 2526 1061 2593 mentio
1095 2525 1172 2591 fieri
1203 2526 1334 2594 debuit.

184 2628 335 2696 Primum
357 2629 466 2697 locum
490 2636 607 2697 teneat
628 2630 716 2696 illud
739 2629 885 2696 Nubium
898 2630 952 2716 ιω)
976 2630 1017 2697 de
1041 2630 1181 2699 Socrate

447 2759 533 2839 χαῖρ’
557 2750 583 2819 ὦ
607 2756 775 2837 πρεσβῦτα
798 2753 1014 2837 παλαιογενὲς

443 2861 575 2942 θηρατὰ
599 2861 710 2940 λόγων
733 2860 960 2942 φιλομούσων.
1023 2863 1025 2867 ’

271 2982 481 3069 Quamquam
502 2981 687 3048 translatio
711 2981 752 3047 de
775 2981 956 3048 venatione
980 2994 1033 3049 est
1056 2983 1244 3070 desumpta,
1275 3005 1334 3051 ne-

181 3086 273 3169 mini,
304 3087 386 3174 quin
407 3090 552 3174 propter
574 3088 745 3171 tragicum
768 3086 928 3173 loquendi
956 3109 1062 3173 genus
1093 3087 1251 3154 carminis
1275 3111 1335 3156 ex·

182 3191 346 3258 cludenda
358 3191 436 3259 hinc
453 3192 508 3264 sit,
529 3191 597 3258 erit
609 3191 755 3258 dubium.
780 3191 911 3258 Deinde
923 3192 960 3257 in
971 3192 1148 3279 Eupolidis
1161 3193 1333 3279 fragmen-

181 3296 227 3362 tis
242 3296 294 3383 ῙΠ)
317 3297 480 3363 nonnulla
503 3298 607 3364 verba
630 3301 770 3363 servata
792 3302 881 3375 sunt,
910 3319 996 3384 quae
1019 3302 1139 3384 aperte
1162 3297 1206 3364 ad
1228 3320 1331 3366 vena·

181 3401 283 3466 ticam
316 3425 387 3468 rem
418 3403 595 3490 pertinent
618 3405 671 3466 Σὺ
694 3400 730 3466 dl
753 3403 796 3492 τὰ,
815 3405 961 3468 καλώδια
988 3408 1086 3468 ταῦθ’
1111 3402 1277 3487 apocopae
1302 3455 1310 3470 .

180 3507 338 3592 (καλώδια
354 3507 427 3575 loco
446 3509 624 3574 verborum
640 3503 717 3572 λίνα
737 3510 939 3590 κννηγειικά
961 3507 1089 3595 alioqui
1110 3531 1178 3574 non
1199 3507 1333 3577 inveni-

179 3611 310 3697 untur.)
355 3612 438 3679 Cum
460 3612 657 3695 nesciamus,
682 3635 747 3699 quo
771 3612 806 3676 in
829 3635 956 3679 conexu
979 3615 1086 3680 verba
1106 3619 1244 3700 apoita
1260 3614 1333 3682 sint

180 3720 355 3804 usurpata,
379 3717 423 3784 ad
447 3716 682 3804 explicandum
697 3717 843 3783 venandi
859 3717 1007 3784 studium
1024 3718 1086 3784 hoc
1100 3717 1332 3804 fragmentum

179 3845 246 3887 non
268 3822 375 3908 magis
406 3821 545 3909 prodest
575 3844 674 3909 quam
696 3821 790 3888 aliud
814 3821 955 3904 Cratini,
986 3845 1082 3909 quem
1105 3823 1141 3888 in
1164 3822 1331 3909 Θρᾴτταις

180 3928 285 3991 verbo
332 3926 505 4010 ἀρκυωρὸς
550 3949 646 3992 usum
692 3948 764 3992 esse
803 3925 1056 4012 Harpocration
1099 3930 1254 3995 testatur
1266 3927 1331 4014 ¹²⁸).

271 4140 332 4205 176)
351 4140 398 4194 Ar.
418 4138 488 4192 Nub.
510 4142 570 4193 358.

272 4231 335 4296 177)
354 4228 437 4282 Mein.
458 4229 487 4282 F.
503 4229 531 4282 C.
546 4229 576 4283 G.
597 4233 622 4295 2,
642 4232 694 4283 255
714 4232 771 4298 (18)
792 4231 838 4300 (=
859 4230 987 4285 Eustath.
1007 4229 1043 4285 ad
1062 4249 1115 4300 sp.
1138 4234 1216 4285 1555.
1238 4232 1292 4302 18).

269 4319 331 4385 178)
350 4317 431 4372 Mein.
452 4319 482 4372 F.
495 4318 564 4373 QG,
586 4322 610 4387 2,
630 4321 664 4372 65
684 4320 725 4388 (8)
744 4321 789 4389 (=
810 4319 896 4388 Harp.
916 4320 967 4374 lex.
989 4321 1059 4376 rhet.
1080 4339 1106 4390 p.
1128 4324 1170 4389 34,
1191 4323 1246 4393 22).
