2880 4734
735 203 776 267 32

295 378 353 441 Χο.
399 374 479 460 λαβὲ
502 374 581 460 λαβὲ
605 375 684 461 λαβὲ
708 378 798 462 λαβέ,
821 380 950 463 φράζου

294 503 352 565 Κλ.
398 501 480 582 ὄναρ
505 502 635 577 διώκεις
655 508 756 585 θῆρα,
779 502 1016 587 κλαγγα(ί)νεις
1038 502 1155 585 δ’ἄπερ

396 625 488 689 κύων
508 625 673 707 μέριμναν
695 625 806 690 οὔποτ’
831 626 993 691 ἐκλείπων
1015 628 1132 691 πόνου.

394 797 488 879 ἕπου,
511 800 650 882 μάραινε
675 798 844 883 δευτέροις
867 802 1062 885 διώγμασιν.

345 1024 351 1037 .
398 972 430 1050 ἐξ
454 972 588 1055 ἄρκύων
611 973 783 1039 πέπτωκεν
805 978 932 1059 οἴχεταί
951 975 987 1040 θ’
1011 977 1029 1042 ὁ
1052 979 1131 1060 θήρ.

392 1097 488 1182 ὕπνῳ
511 1097 701 1180 κρατηθεῑσ’
726 1100 832 1181 ἄγραν
854 1100 971 1163 ώλεσα.

394 1271 458 1355 ἐγὼ
482 1271 521 1354 δ’,
546 1274 618 1356 ἄγει
641 1272 704 1357 γὰρ
727 1265 807 1357 αἷμα
828 1278 991 1360 μητρῷον,
1016 1276 1110 1350 δίκας

392 1393 518 1479 μέτειμι
543 1396 640 1460 τόνδε
664 1406 758 1479 φῶτα
780 1396 1012 1478 κάκκυνηγετῶ
1036 1394 1140 1481 [codd.
1154 1397 1224 1482 της]

392 1570 717 1655 τετραυματισμένον
740 1572 803 1653 γὰρ
827 1572 871 1648 ὡς
894 1573 985 1636 κύων
1008 1573 1131 1656 νεβρὸν

393 1694 477 1774 πρὸς
499 1685 578 1776 αἷμα
601 1692 655 1757 καὶ
680 1695 868 1777 σταλαγμὸν
893 1693 1124 1777 ἐκματεύομεν.

268 1867 322 1932 Ex
345 1865 520 1954 Sophoclis
543 1868 669 1935 fabulis
693 1868 776 1935 duas
799 1868 899 1954 eligo,
934 1868 1073 1935 Aiacem
1096 1872 1133 1936 et
1154 1868 1332 1938 Philocte-

182 1977 261 2039 tam.
316 1972 358 2037 In
390 1972 508 2040 fabula
539 1974 654 2041 Aiacis
685 1975 902 2042 ratiocinatio
936 1978 1058 2063 po'e‘tae
1080 2012 1122 2022 -
1147 1975 1193 2043 sit
1229 1976 1331 2044 venia

181 2080 287 2144 verbo
321 2078 362 2145 de
396 2078 510 2144 divino
545 2086 581 2146 et
611 2079 743 2167 poetico
779 2080 881 2146 animi
912 2079 1028 2146 labore
1051 2118 1094 2127 -
1115 2080 1198 2147 haec
1219 2080 1331 2148 fuisso

181 2181 328 2249 videtur.
382 2185 471 2251 Aiax
495 2188 689 2273 ‘propterea
722 2185 810 2272 quod
844 2185 943 2251 duces
977 2184 1187 2252 Graecorum
1223 2190 1332 2253 noctu

180 2289 374 2356 interficere
402 2290 438 2356 in
468 2291 578 2357 animo
601 2289 778 2370 habuerat,
809 2312 830 2356 a
851 2290 1005 2357 Minerva
1028 2289 1159 2357 insania
1180 2291 1328 2358 affectus

183 2397 245 2460 est.
290 2395 430 2461 Insania
467 2399 589 2478 autem,
620 2395 710 2478 ”Ατη
743 2417 844 2462 saeva
882 2396 1048 2477 venatrix,
1086 2399 1127 2462 ut
1157 2395 1330 2462 crudelem

181 2499 404 2582 venationem,
421 2502 528 2584 ἄγραν
542 2500 714 2587 pecudum,
730 2500 889 2587 gesserit,
906 2500 1020 2566 effecit
1035 2503 1079 2581 (v,
1093 2501 1154 2567 64:
1178 2500 1328 2585 εύκέρων

182 2605 289 2686 ἄγραν
312 2607 419 2692 ἔχων).
464 2605 527 2671 His
551 2605 669 2672 duobis
697 2607 795 2692 quasi
817 2606 996 2673 venatibus
1020 2604 1068 2692 (in
1089 2605 1199 2693 primo
1223 2627 1327 2674 vena-

182 2708 254 2774 trix
287 2713 342 2776 est
364 2709 451 2795 Ἅτη,
484 2710 612 2798 praeda
643 2713 757 2776 autem
789 2712 860 2777 eius
893 2711 993 2793 Aiax,
1022 2711 1058 2776 in
1090 2710 1202 2777 altero
1234 2711 1328 2778 Aiax

182 2816 329 2880 venatur
362 2814 521 2882 animalia
554 2814 748 2899 domestica,
786 2821 944 2903 pastores
983 2839 1147 2904 canesque
1185 2816 1325 2902 eornm.)

180 2923 363 2986 commotus
396 2923 459 3002 est,
490 2924 531 2987 ut
553 2921 637 2988 duas
661 2920 746 2988 alias
778 2920 941 3007 imagines
965 2922 1138 2989 venaticas
1169 2920 1325 2989 adderet.

180 3023 305 3092 Altera
321 3028 375 3092 est
388 3025 539 3092 indicata
554 3025 790 3108 translatione,
806 3025 865 3091 ubi
881 3024 1011 3092 Teucer
1026 3025 1171 3092 fratrem
1186 3026 1327 3117 quaerit

462 3149 594 3219 διώκων
616 3147 1052 3235 κᾶξιχνοσκοπούμενοςΜο).

266 3271 317 3337 Εο
347 3271 465 3339 melius
496 3271 559 3339 hoo
580 3271 654 3340 loco
678 3272 713 3337 in
734 3271 870 3339 fabulae
898 3280 1136 3358 argumentum
1165 3270 1324 3359 quadrat,
1392 3261 1393 3264 ¹

178 3374 268 3462 quod
283 3376 422 3460 Teucer,
445 3400 519 3444 oum
533 3378 624 3444 Aiax
647 3377 712 3444 sibi
733 3399 850 3443 manus
874 3377 1030 3460 inferret,
1055 3375 1200 3444 venandi
1222 3397 1327 3444 causa

180 3479 314 3548 abierat
326 3480 397 3567 ¹⁴¹).
443 3482 568 3550 Altera
590 3483 701 3569 imago
734 3482 890 3549 venatica
919 3485 972 3549 est
994 3483 1030 3548 in
1052 3482 1188 3549 fabulae
1210 3480 1323 3562 initio,

178 3585 237 3652 ubi
258 3585 376 3652 Ulixes
398 3587 629 3653 Telamonium
651 3587 850 3673 investigat.
882 3586 1085 3670 Accedebat,
1110 3585 1199 3675 quod
1220 3589 1325 3674 po‘e‘ta

179 3689 290 3758 Ulixis
314 3692 459 3758 venandi
483 3692 630 3760 studium
645 3693 680 3758 in
694 3692 835 3759 Homeri
852 3693 1052 3760 carminibus
1074 3714 1173 3780 saepe
1188 3691 1324 3759 laudari

177 3795 337 3862 memoria
369 3797 517 3862 tenebat.
562 3797 701 3864 Iuvenis
734 3797 821 3865 enim
847 3795 966 3863 Ulixes
1000 3796 1088 3883 apud
1111 3795 1324 3883 Autolycum

176 4033 309 4085 λιποῦσαι
327 4030 363 4085 τὰ
381 4034 454 4102 ἴχνη.
473 4065 509 4072 -
527 4033 564 4088 ad
582 4034 738 4104 διώγμασιν
750 4053 774 4090 v.
787 4051 809 4090 s.
822 4064 856 4076 -
876 4034 912 4088 ad
931 4029 1108 4089 ἐκπέπτωκεν
1121 4033 1156 4089 cf.
1170 4034 1228 4088 vice
1240 4049 1322 4088 versa

177 4121 241 4190 Cyn.
254 4120 287 4189 V,
307 4125 342 4176 28
361 4121 468 4186 εἰςτὰς
486 4122 574 4191 ἄρκυς
594 4119 748 4192 ἐμπίπτων.
768 4155 801 4164 -
821 4123 856 4178 ad
875 4125 912 4185 ὡς
935 4125 1010 4179 κύων
1037 4123 1138 4196 νεβρὸν
1164 4122 1199 4178 cf.
1219 4123 1321 4177 Bacch.

174 4212 250 4264 8668
271 4251 278 4264 .

253 4226 330 4369 quo)
349 4302 392 4356 si.
411 4304 500 4370 assu.
630 4305 692 4374 141)
712 4302 747 4358 cf.
766 4320 805 4358 vs.
826 4306 885 4360 σοι.
906 4307 967 4359 343.
987 4308 1048 4359 τεο.
