2880 4734
703 254 746 320 37

326 429 362 494 οῖ
382 428 410 494 δ’
437 428 501 495 εῖσῖ
524 439 591 495 ποῦ
613 439 691 513 γης;
715 438 782 495 ποῦ
805 429 873 494 τόδ’
898 429 1117 514 εὑρεθήσεται

327 540 418 620 ῖχνος
440 538 581 610 παλαιᾶς
604 534 852 619 δυστέκμαρτον
875 537 999 618 αἰτίας;

432 695 473 760 οὐ
496 695 559 777 γὰρ
582 693 624 758 ἂν
646 694 775 777 μακρὰν

326 805 459 884 ῖχνευον
481 799 572 881 αὐτό,
595 800 640 883 μὴ
663 798 725 866 οὐκ
747 802 832 885 ἔχων
854 824 885 865 τι
908 801 1080 885 σύμβολον

325 957 393 1022 ἀλλ’
418 959 594 1044 ἐξερευνᾶν

323 1118 383 1183 τὸν
405 1119 532 1203 ἄδηλον
554 1119 661 1203 δίνδρα
683 1117 777 1184 πάντ’
802 1119 957 1203 ἰχνεύειν.

325 1231 425 1309 φοιτᾷ
445 1225 509 1307 γὰρ
531 1221 584 1289 ὑπ’
610 1223 730 1308 ἀγρίαν

323 1328 409 1393 ὕλαν
431 1327 495 1394 ἀνά
516 1333 543 1394 τ’
567 1330 671 1410 ἄντρα
693 1327 748 1393 καὶ

323 1430 445 1515 πέτρας
466 1433 522 1498 ἅτε
545 1443 667 1516 ταῦρος

322 1591 391 1657 ἀλλ’
416 1593 478 1661 οὐκ
501 1596 643 1675 ἔρευναν
664 1604 725 1660 τοῦ
747 1597 915 1672 θανόντος
937 1597 1055 1679 ἔσχετε.

234 1748 396 1818 Alterum
417 1750 575 1820 Hecubae
599 1757 660 1821 est.
700 1752 823 1822 Hicin
845 1755 957 1822 verbis
980 1753 1229 1840 Polymestoris
1240 1752 1294 1841 168)

178 1856 214 1922 ἐκ
235 1853 272 1921 δὲ
295 1858 447 1941 πηδήσας
468 1857 533 1940 ἐγὼ
556 1860 623 1942 θὴρ
647 1860 692 1936 ὡς
715 1861 825 1926 διώκω
848 1862 906 1937 τὰς
927 1864 1131 1944 μιαιφόνονς
1152 1861 1257 1938 κύνας

148 1959 255 2029 alludi
276 1960 358 2028 mihi
382 1962 518 2030 videtur
540 1962 583 2028 ad
606 1962 755 2030 eiusdem
777 1963 970 2032 miserabile
993 1964 1193 2050 carmen¹⁶⁹)

409 2088 435 2150 ὥ
458 2110 515 2170 μοι
538 2085 612 2169 ἐγώ,
635 2095 682 2172 πᾷ
703 2090 751 2170 ῥῶ

408 2199 455 2277 πᾷ
477 2202 553 2273 στῶ,
576 2200 623 2276 πᾷ
645 2190 751 2257 κέλσαν

322 2296 524 2379 τετράποδος
545 2297 645 2379 βάσιν
666 2298 774 2382 θηρὸς
797 2297 975 2381 ὀρεστέρου

322 2400 498 2485 τιθέμενος
520 2400 574 2467 ἐπὶ
596 2413 690 2487 χεῖρα
712 2402 778 2468 κατ’
805 2409 912 2489 ῖχνος;
937 2442 979 2451 -
1008 2443 1043 2452 -

147 2545 284 2591 versum
317 2525 411 2606 1174,
449 2524 508 2612 qui
540 2526 647 2592 verba
678 2527 746 2610 θὴρ
781 2528 826 2603 ὡς
860 2529 969 2594 διώκω
1003 2530 1060 2604 τοὶς
1090 2530 1293 2612 μιαιφόνους

146 2629 251 2706 κύνας
266 2629 429 2718 sequitur,
454 2630 554 2696 eiecit
569 2631 611 2696 R.
628 2629 741 2713 Prinz‚
767 2631 857 2720 quod
872 2632 1049 2719 imaginem
1065 2632 1291 2701 disturbaret.

146 2732 235 2800 Nam
257 2734 311 2801 hic
332 2757 452 2802 versus
476 2757 556 2802 vere

320 2858 432 2924 ἅπαντ’
458 2858 605 2942 ἐρευνῶν
627 2872 740 2946 τοῖχον
763 2861 808 2936 ὡς
830 2861 1013 2946 κυνηγέτης

145 2979 247 3069 plane
269 2981 363 3049 aliud
392 2982 574 3050 describit:
606 3006 674 3049 non
696 2983 806 3050 feram
829 3006 914 3071 quae
937 2984 1154 3072 persequitur
1178 3006 1290 3067 canae,

146 3091 207 3158 sed
238 3095 438 3159 venatorem
471 3092 528 3179 qui
562 3092 672 3164 omnia
705 3097 954 3180 perscrutatur.
1011 3092 1138 3160 Tamen
1171 3115 1290 3160 versus

146 3195 343 3264 retinendus
366 3201 421 3264 est
443 3196 559 3263 eodem
580 3196 678 3264 modo
701 3219 766 3284 quo
797 3197 850 3264 illi
872 3198 987 3265 Aiacis
1012 3198 1173 3286 explicati
1198 3206 1290 3265 sunt.

144 3302 195 3369 Ut
216 3301 436 3370 vivacitatem
460 3302 621 3368 sermonis
650 3302 694 3368 ad
728 3326 889 3369 summum
920 3305 1053 3385 efferat,
1084 3307 1184 3390 potita
1209 3303 1292 3370 ima·

143 3405 240 3493 gines
264 3401 577 3493 varias'coniungit
601 3405 654 3493 [cf.
679 3430 710 3493 p.
734 3407 821 3472 331.
845 3408 976 3493 8-281.

232 3528 387 3596 Tertium
402 3529 552 3595 Helenae
564 3529 699 3596 fabulae
715 3530 869 3596 debetur.
903 3529 1180 3616 Theoclymenus,
1198 3529 1290 3616 regis

144 3633 301 3722 Aegypti
324 3633 425 3716 filius,
448 3633 506 3721 qui
529 3634 683 3701 versibus
698 3633 750 3717 ¹²⁰)

319 3762 434 3827 δίπεστι
451 3758 487 3825 δὲ
503 3759 602 3826 κυσὶν
618 3763 790 3837 πεποιθὼς
806 3759 842 3825 ἐν
859 3774 980 3844 φοναῖς
995 3764 1217 3845 θηροκτόνοις

144 3861 181 3949 et
202 3885 323 3970 postea
337 3881 390 3967 171)

318 3989 413 4070 ὑμεῖς
434 3985 495 4072 μὲν
520 3984 582 4054 οὖν
605 3990 709 4066 κύνας
730 4013 764 4054 τε
787 3990 842 4054 καὶ
865 3996 982 4073 θηρῶν
1006 3992 1149 4074 βρόχους

317 4094 424 4176 δμῶες
446 4092 581 4176 κομίζετ’
609 4095 657 4169 εἰς
679 4096 805 4178 δόμους
827 4095 1049 4176 τυραννικούς

234 4261 297 4330 ras)
315 4260 380 4314 Hac.
403 4264 478 4313 μιν.
626 4265 688 4331 169)
708 4262 773 4315 fleo.
796 4264 871 4316 1056.

235 4349 455 4420 170)Hel.154.
604 4354 666 4421 171)
688 4354 763 4406 1169.
