2880 4734
693 217 737 282 60

143 393 249 456 untur
266 389 408 457 Graecis
432 387 557 457 deberi.
603 388 693 472 Quid
715 388 804 476 quod
816 388 855 454 Ο.
867 387 984 456 Weise
995 387 1048 473 ²⁷⁵)
1069 387 1138 455 alia
1153 388 1289 455 ratione

144 494 259 561 eadem
281 498 456 562 assecutus
480 494 558 562 est?
602 495 645 560 In
668 495 826 581 opusculo
851 516 911 562 suo
934 495 976 562 de
991 495 1129 562 vocibus
1145 493 1290 560 Graecis

143 600 179 665 in
215 599 366 686 linguam
402 600 590 666 Romanam
630 600 778 686 receptis
823 601 1062 667 observatione
1107 601 1292 665 verborum

78 732 81 740 ·
144 708 328 773 commotus
357 705 394 770 in
422 705 544 792 capite,
574 727 639 792 quo
670 703 824 771 deludis
846 707 883 770 et
905 703 1038 790 gaudiis
1062 703 1188 791 agitur,
1212 726 1291 770 con-

143 811 256 878 tendit
279 811 448 879 Romanos
477 810 589 879 nullas
619 833 692 878 esse
723 814 896 877 mutuatos
924 811 1099 878 venaticae
1120 809 1210 876 artis
1234 810 1292 877 vel

143 916 277 1003 aucupii
300 938 399 983 voces
421 938 441 985 e
464 915 597 984 Graeca
624 915 752 1002 lingua,
783 914 873 1003 quod
901 914 964 983 hae
995 915 1191 1003 voluptates
1222 915 1294 981 sint

143 1021 310 1107 genuinae
332 1021 561 1088 Romanorum
591 1025 694 1109 atque
717 1020 848 1088 Graeco
872 1043 965 1087 more
994 1042 1101 1108 paene
1126 1020 1292 1087 intactae.

232 1125 303 1192 Nos
337 1149 410 1194 cum
443 1130 598 1194 auctores
621 1128 793 1194 Romanos
826 1125 1039 1208 consulimus,
1072 1125 1139 1192 iam
1170 1125 1293 1213 primis

144 1228 269 1297 Plauto
293 1234 329 1298 et
352 1231 514 1298 Terentio
546 1230 702 1298 diffidere
725 1231 893 1299 debemus.
937 1232 1026 1299 Nam
1049 1230 1175 1318 siquis
1199 1230 1293 1317 apud

144 1345 324 1424 utrumque
354 1336 396 1404 de
427 1338 529 1403 rebus
551 1336 713 1404 Romanis
739 1336 900 1424 inquiret,
932 1340 1052 1404 caveat
1074 1357 1117 1402 ne
1137 1358 1200 1423 pro
1223 1335 1294 1402 Ro·

145 1440 251 1508 manis
286 1441 436 1533 Graecas
469 1465 525 1508 res
560 1442 710 1528 detegat.
753 1440 873 1528 Neque
905 1441 941 1507 in
974 1463 1013 1508 re
1044 1440 1202 1508 venatica
1236 1464 1293 1507 res

145 1545 249 1614 aliter
279 1569 315 1614 se
344 1546 457 1630 habet,
489 1548 548 1614 sed
578 1546 812 1616 adulescentes
836 1545 989 1613 Plautini
1021 1549 1058 1613 ct
1080 1545 1290 1627 Terentiam,

145 1650 204 1738 qui
235 1651 329 1739 equis
364 1655 400 1719 et
431 1653 568 1720 canibus
599 1652 765 1719 venaticis
802 1649 1028 1734 delectantur,
1062 1654 1143 1717 sunt
1167 1650 1293 1718 Graeci

146 1759 250 1844 atque
280 1756 341 1824 ille
363 1757 472 1824 saltus
494 1779 516 1824 a
538 1757 755 1824 venatoribus
788 1757 927 1832 cinctus,
960 1757 1089 1843 inquo
1118 1756 1184 1822 duo
1216 1756 1294 1843 apri

146 1862 255 1929 abditi
276 1862 397 1945 latent,
422 1866 477 1929 est
499 1863 586 1929 situs
607 1862 643 1927 in
667 1861 822 1929 Graecia.

235 1967 361 2034 Cervos
394 1989 495 2054 apros
526 1966 678 2055 aliasque
710 1966 803 2034 feras
838 1966 989 2034 omnibus
1022 1966 1233 2054 temporibus
1257 1966 1293 2033 in

147 2071 251 2138 Italia
284 2094 416 2159 qnoque
451 2094 524 2139 esse
558 2081 659 2159 capta
690 2094 816 2158 negare
849 2070 1107 2159 haudquaquam
1140 2072 1223 2137 mihi
1257 2071 1294 2137 in

147 2176 258 2244 auimo
280 2181 344 2244 est.
390 2176 458 2244 Sed
479 2177 626 2244 nobile
649 2177 796 2245 venandi
819 2177 968 2244 studium
989 2200 1056 2244 non
1079 2199 1154 2244 esse
1175 2176 1293 2264 genui·

147 2305 226 2348 num
248 2282 478 2349 Romanorum
501 2281 563 2348 hoc
584 2283 731 2369 probare
753 2281 961 2367 argumentis
984 2283 1141 2348 conabor.

235 2385 324 2455 Sunt
345 2388 454 2474 igitur
477 2388 545 2453 viri
567 2387 659 2453 docti
681 2387 740 2474 qui
763 2386 858 2453 velut
879 2386 1052 2453 Lauchert
1079 2385 1168 2454 tales
1192 2407 1293 2474 quae-

148 2494 276 2559 stiones
298 2497 451 2559 tractare
474 2493 573 2580 plane
596 2491 781 2578 neglegant
796 2495 832 2559 et
847 2492 905 2578 qui
920 2494 1080 2558 venatum
1096 2491 1292 2558 aRomanis

147 2597 314 2663 tantidem
346 2618 420 2663 esse
449 2597 663 2664 aestimatam
691 2600 815 2685 putent
848 2594 969 2684 quanti
991 2618 1013 2662 a
1035 2595 1177 2664 Graecis
1206 2596 1295 2662 anti-

148 2724 291 2788 quorum
313 2704 475 2783 aetatum,
499 2724 520 2767 a
541 2703 775 2785 Doriensibus‚
808 2704 851 2769 ab
873 2700 1097 2767 hellenisticis
1125 2701 1184 2788 qui
1205 2724 1295 2768 nunc

149 2807 307 2874 dicuntur
322 2805 462 2874 Graecis
479 2807 551 2875 sive
567 2807 603 2872 in
619 2806 692 2875 vita
708 2807 779 2874 sive
801 2808 838 2872 in
860 2828 990 2873 morum
1012 2806 1205 2893 praeceptis
1222 2807 1295 2875 sive

149 2913 334 2998 (sententia
361 2911 637 3000 philosophorum
668 2913 775 2999 certe)
804 2913 840 2978 in
872 2910 1071 2978 educatione
1099 2933 1295 2999 puerorum.

235 3017 462 3085 Inveniuntur
486 3039 524 3084 re
549 3040 629 3084 vera
652 3018 689 3084 iu
711 3017 840 3085 litteris
856 3016 1019 3083 Romanis
1033 3017 1100 3083 loci
1115 3039 1157 3083 ex
1172 3017 1295 3103 quibus

149 3122 231 3189 talis
254 3123 365 3210 opinio
389 3122 499 3210 possit
522 3124 617 3205 oriri,
650 3124 747 3190 velut
769 3122 856 3188 illud
879 3121 1005 3190 Horati
1026 3122 1204 3207 <Romanis
1229 3120 1297 3189 sol·

148 3228 257 3294 lemne
287 3228 371 3295 viris
404 3226 569 3316 opus>²⁷⁶l
592 3229 648 3296 vel
671 3228 762 3294 Plini
792 3227 944 3294 laudatio
975 3227 1166 3294 venationis
1197 3228 1296 3314 quasi

148 3333 344 3400 futurorum
359 3333 554 3420 palaestrae
569 3333 812 3420 imperatorum
824 3331 889 3418 277).
929 3332 1164 3414 Quaerendum
1178 3339 1296 3398 autem

151 3460 281 3525 semper
303 3447 366 3520 est,
389 3462 469 3504 num
492 3438 584 3505 dicta
606 3438 667 3504 illa
689 3460 771 3504 vere
795 3461 836 3505 ex
859 3437 968 3503 animo
991 3438 1143 3503 Romano
1162 3458 1297 3503 emana-

151 3542 275 3608 verint.
319 3542 372 3609 De
395 3543 522 3610 Horati
544 3543 639 3630 podsi
662 3546 698 3609 et
720 3541 870 3608 consiliis
893 3541 929 3606 in
951 3541 1158 3629 paenultimo
1182 3541 1296 3628 capite

150 3647 252 3734 plura
280 3646 444 3731 dicentur,
475 3647 622 3713 Plinium
651 3646 714 3714 hoc
742 3647 815 3734 ipso
849 3647 923 3713 looo
955 3668 1143 3733 coarguam.
1188 3646 1297 3713 Pane·

150 3752 272 3838 gyrico
296 3753 383 3819 enim
407 3776 466 3820 suo
483 3752 633 3821 celebrat
648 3753 839 3834 Traianum,
864 3752 922 3839 qui
936 3757 1028 3838 natu,
1040 3775 1108 3819 nou
1123 3752 1297 3818 Romanus

151 3857 209 3923 sed
244 3857 477 3945 Hispaniensis
514 3862 599 3925 erat.
655 3857 785 3924 Plinius
821 3858 894 3943 ipse
928 3857 1109 3940 Comensis‚
1147 3857 1296 3924 fortasse

240 4123 304 4188 275)
324 4120 388 4175 Osk.
402 4120 510 4174 Weise:
529 4119 705 4174 Griechische
717 4119 830 4174 Wbrter
849 4120 877 4172 in
898 4117 947 4172 der
965 4117 1013 4173 lat.
1033 4119 1163 4188 Sprache,
1182 4118 1299 4188 Leipzig

154 4213 230 4264 1882.
267 4226 329 4278 pag.
349 4213 401 4264 299
421 4226 480 4278 cap.
499 4209 584 4263 XXV.
605 4209 696 4278 Spiele
715 4225 741 4262 u.
761 4208 986 4277 Bolustigungen.

241 4302 305 4368 276)
325 4300 391 4353 Hor.
413 4316 455 4368 ep.
474 4300 495 4367 1,
519 4302 559 4366 18,
578 4302 621 4353 49.
727 4300 791 4367 277)
812 4297 880 4352 Plin.
899 4297 1001 4365 Paneg.
1020 4300 1063 4350 81.
