2880 4734
701 189 744 255 53

362 456 366 466 '
462 451 505 518 be
528 450 750 520 Macedonibus
773 453 807 518 et
829 450 987 520 barbaris.

234 607 341 676 Nemo
379 607 560 692 dubitabit,
598 609 678 697 quin
713 607 885 677 occasione
923 609 1005 676 data
1041 609 1220 697 praecipue
1259 609 1318 675 in

143 714 316 783 montibus
341 715 505 784 Graeciae
526 714 582 781 hic
604 719 640 783 et
661 716 735 783 illic
757 716 830 784 sive
854 737 974 782 cervus
1006 714 1078 781 sive
1109 736 1192 802 aper
1223 715 1294 782 sive

144 820 267 909 vulpes
299 819 372 889 sive
403 819 596 910 lepusculus
629 821 702 888 sive
733 821 827 889 aliud
860 821 984 888 animal
1018 823 1061 886 ab
1095 820 1294 907 insequente

144 925 224 992 viro
246 925 378 1012 agresti
400 929 500 1013 capta
523 926 594 993 sint
617 926 720 993 etiam
742 930 866 1014 quarto
890 929 1034 993 exeunte
1058 926 1202 1008 saeculo,
1234 925 1295 993 sed

145 1029 294 1098 nobile
316 1030 464 1098 venandi
493 1031 642 1099 studium
673 1053 716 1098 ex
745 1031 901 1099 barbaris
931 1031 975 1098 ad
999 1030 1147 1099 Graecos
1178 1030 1292 1100 rediit.

145 1135 285 1201 -Iam
308 1139 453 1203 exeunte
475 1139 573 1204 sexto
596 1157 626 1203 a.
644 1136 723 1203 chr.
738 1162 770 1203 n.
795 1136 928 1204 saeculo
952 1137 1051 1203 duces
1084 1136 1295 1204 exercituum

146 1263 169 1308 a
187 1239 303 1308 Dareo
327 1239 529 1335 emissorum=
547 1241 582 1307 in
598 1243 770 1331 Europam
792 1242 995 1309 invaserunt
1010 1245 1046 1309 et
1060 1241 1211 1309 fortasse
1227 1241 1295 1308 iam

146 1350 220 1412 tum
257 1345 514 1414 consuetudines
561 1369 639 1413 suas
677 1346 919 1436 importabant.
975 1346 1171 1413 Verisimile
1210 1353 1293 1435 puto

146 1450 330 1519 Persarum
353 1453 577 1534 παραδείσους
599 1452 661 1519 hoo
683 1454 836 1541 tempore
859 1452 895 1518 in
923 1451 1054 1539 pacatis
1084 1451 1189 1518 terris
1222 1472 1294 1517 esse

146 1555 336 1623 institutos.
380 1554 504 1623 Altera
533 1578 574 1623 ex
603 1559 704 1645 parte
727 1556 925 1624 Macedones
957 1580 998 1623 ex
1030 1557 1114 1624 satis
1143 1555 1293 1643 antiquis

146 1660 356 1750 temporibus
388 1662 555 1729 traditum
587 1661 776 1729 venationis
808 1660 957 1728 studium
988 1662 1149 1729 videntur
1180 1682 1293 1728 serva-

146 1765 239 1834 visse
260 1765 481 1854 Hegesandro
505 1770 645 1834 auctore
654 1765 717 1851 ²²⁷),
749 1767 807 1855 qui
829 1766 918 1854 apud
941 1766 1137 1834 Macedones
1166 1788 1294 1833 morem

146 1870 253 1938 fuisse
284 1879 416 1955 namet,
447 1875 489 1939 nt
519 1871 567 1938 eis
600 1871 681 1939 solis
713 1872 772 1959 qui
805 1872 876 1939 sine
910 1873 1040 1939 retibus
1072 1894 1164 1939 suem
1185 1871 1293 1939 inter·

147 1974 317 2058 fecissent,
335 1976 499 2043 communi
513 1998 614 2045 cenae
630 1979 883 2044 accumbere
899 1977 1028 2044 liceret.
1066 1977 1181 2064 Usque
1197 1975 1243 2042 ad
1259 1976 1294 2042 id

147 2083 279 2169 tempus
304 2081 460 2148 sedentes
483 2104 557 2148 cum
578 2083 761 2150 maioribus
784 2087 869 2150 natu
892 2085 1067 2151 cenabant.
1104 2081 1294 2150 Conceden⁴

147 2185 226 2252 dum
248 2189 362 2253 antem
386 2195 439 2254 est
461 2210 587 2254 morem
609 2188 652 2254 ad
682 2211 796 2255 cenam
825 2188 1040 2255 accumbendi
1069 2210 1110 2254 ex
1138 2188 1293 2254 barbaris

147 2291 279 2358 demum
301 2291 346 2359 ad
362 2291 510 2360 Graecos
534 2293 739 2380 pervenisse.
775 2295 897 2381 Itaque
921 2317 985 2381 quo
1008 2293 1115 2380 primo
1139 2297 1293 2379 tempore

147 2397 345 2474 Macedones
378 2397 441 2464 hoc
472 2399 656 2487 praemium
689 2423 752 2465 usu
786 2398 1037 2466 destinaverint
1070 2397 1293 2466 determinari

147 2525 212 2569 non
246 2504 372 2591 potest.
417 2502 582 2589 Polybius
617 2526 748 2591 quoque
781 2504 893 2571 tradit
925 2503 999 2591 ipse
1033 2526 1132 2592 quam
1166 2503 1292 2572 studio·

148 2606 297 2675 'sissimus
320 2609 464 2675 venator
487 2631 585 2695 reges
601 2609 816 2676 Macedonum
843 2608 908 2674 sibi
928 2608 1057 2676 idoneis
1074 2609 1156 2677 locis
1173 2612 1294 2696 saepta

148 2710 321 2778 venationi
343 2712 519 2799 paravisse
529 2711 593 2796 228).
636 2713 783 2779 Dubium
806 2717 859 2780 est
881 2717 997 2780 utrum
1020 2737 1129 2799 reges,
1153 2737 1227 2781 cum
1250 2715 1294 2780 ad

146 2829 266 2882 nomen
288 2815 418 2903 regiam
440 2817 628 2905 potentiam
651 2817 871 2899 addidissent,
903 2818 965 2886 hoc
994 2819 1091 2885 modo
1121 2822 1293 2886 vetustam

147 2921 421 2989 consuetudinem
444 2923 590 2990 venandi
620 2924 766 2991 fecerint
796 2924 860 2991 sibi
890 2925 1154 3005 commodiorem,
1187 2947 1231 2989 an
1261 2927 1297 2990 οἱ

147 3028 344 3111 παράδεισοι
366 3049 485 3114 regum
509 3028 724 3096 orientalium
747 3030 879 3096 fuerint
902 3030 1107 3116 exemplaria
1135 3029 1179 3096 ad
1211 3028 1294 3096 haec

148 3135 267 3219 saepta
289 3125 523 3220 comparanda.
571 3133 698 3216 Quanti
720 3137 863 3201 venatus
888 3133 1097 3201 Graecorum
1120 3134 1293 3200 sententia

148 3259 168 3302 a
189 3236 305 3305 Persis
328 3238 364 3303 in
386 3238 502 3304 liberis
527 3238 706 3306 educandis
730 3242 929 3308 aestimatus
961 3239 1016 3320 sit,
1040 3239 1227 3326 Xenophon
1258 3239 1292 3304 in

149 3342 365 3429 Cyropaedia
387 3343 501 3426 dooet;
532 3343 620 3430 Cyri
640 3346 779 3411 minoris
803 3367 934 3433 quoque
958 3346 1183 3426 παραδείσους
1206 3365 1292 3409 com·

147 3450 321 3514 memorat.
375 3447 500 3514 Persas
533 3471 571 3515 re
604 3472 686 3516 vera
717 3450 986 3536 antiquissimam
1017 3447 1293 3514 consuetudinem

149 3574 305 3618 servasse
327 3553 390 3620 hoc
412 3554 570 3642 opusculo
594 3553 821 3621 demonstrari
842 3578 910 3620 non
933 3577 1016 3640 opus
1041 3557 1105 3619 est.

233 3657 276 3722 In
286 3660 478 3725 memoriam
489 3682 610 3726 revoco
622 3665 776 3746 pateram
787 3659 1001 3727 Phoenicium
1010 3659 1063 3745 2²⁵³)
1075 3660 1181 3746 (cervi
1191 3681 1293 3726 vena·

147 3760 287 3847 tionem)
311 3764 347 3828 et
367 3762 472 3829 Darei
495 3764 666 3830 cuiusdam
690 3764 838 3851 sigillum
848 3764 901 3851 280)
931 3765 1061 3852 inquo
1089 3788 1149 3830 rex
1179 3766 1292 3831 leones

148 3888 166 3933 e
183 3889 284 3933 curru
299 3871 453 3934 venatur.
489 3868 544 3934 Ad
559 3869 714 3955 quintum
737 3869 906 3936 saeculum
921 3870 1096 3956 pertinent
1111 3871 1292 3936 nonnullae

237 4100 302 4168 227)
322 4099 419 4152 Athen.
440 4099 512 4167 I,8a
530 4100 602 4169 (cap.
622 4100 676 4168 31).
834 4104 896 4170 228)
915 4099 1008 4170 Polyb.
1029 4100 1142 4169 XXXII,
1156 4105 1196 4154 15.

236 4189 301 4257 229)
322 4188 542 4257 Perrot-Chipiez
564 4189 610 4256 ΙΙΙ,
631 4206 656 4256 p.
677 4191 729 4242 759
748 4205 782 4242 no
803 4192 863 4243 543.

238 4278 303 4346 230)
321 4277 414 4332 P.·Ch.
432 4279 464 4344 V,
484 4295 510 4346 p.
531 4281 583 4332 848
602 4295 636 4332 no
656 4281 716 4333 496.
