2910 4724
713 253 733 318 6

150 428 321 516 usquead
344 428 430 495 huuc
454 427 540 500 diem
563 429 771 515 capricornis
795 429 990 506 abundavit,
1014 430 1074 497 sed
1096 411 1304 498 etiam‘sem·

150 556 212 622 per
239 532 354 621 patria
387 533 600 620 optimorum
613 532 777 600 Graeciae
808 533 1066 620 sagittariorum
1099 535 1192 617 suits
1211 536 1305 623 quod

152 640 243 707 inter
277 662 313 707 se
345 641 420 706 arte
451 638 665 706 coniunctum
696 661 770 705 esse
800 643 955 728 apparet.
1010 640 1147 726 Reliqui
1177 639 1305 707 Graeci

151 766 249 812 arcus
286 767 383 811 usum
416 746 536 831 postea
571 744 745 831 despicere
780 745 937 811 solebant
948 744 996 829 18).
1042 745 1093 812 Ut
1127 745 1220 812 cervi
1255 746 1305 812 sic

150 850 246 917 ibicis
265 871 395 938 quoque
411 871 551 916 aureum
568 849 698 935 signum
715 850 866 936 Mycenis
881 850 1058 917 inventum
1073 855 1135 917 est.
1173 851 1304 918 Restat

150 958 191 1022 ut
215 955 403 1042 exemplum
419 954 610 1021 venationis
634 957 803 1021 afferatur
818 954 908 1041 quod
924 958 1039 1022 exstat
1053 955 1088 1020 in
1106 955 1303 1040 fragmento

150 1058 281 1126 vasculi
304 1059 395 1146 picti,
421 1059 478 1124 ubi
501 1059 568 1126 viri
590 1059 682 1125 docti
706 1082 741 1126 se
764 1061 902 1146 praeter
924 1059 1015 1125 canis
1039 1062 1141 1146 caput
1161 1081 1303 1145 cognos-
1338 1070 1340 1074 ’

151 1186 227 1231 cere
244 1186 339 1251 posse
355 1163 483 1250 leporis
500 1167 686 1230 extremam
701 1167 836 1251 partem
854 1163 1070 1231 consentiunt
1079 1163 1127 1248 19).
1152 1164 1304 1250 Propter

151 1268 299 1337 maculas
331 1269 441 1358 pictas
476 1268 585 1335 feram
623 1268 816 1335 hinnuleum
848 1270 1021 1335 nominare
1054 1269 1198 1351 mallem,
1234 1271 1304 1336 nisi

151 1373 260 1462 figura
294 1373 461 1461 leporis
492 1373 679 1461 pictoribus
704 1379 860 1461 (propter
894 1373 1169 1461 isocephaliamt)
1192 1374 1302 1441 multo

150 1481 287 1567 gratior
311 1479 461 1545 omnibus
486 1479 694 1565 temporibus
717 1479 840 1546 fuisset
866 1501 963 1567 quam
980 1479 1124 1546 aliarum
1139 1481 1300 1562 ferarum,

151 1584 192 1651 de
224 1607 290 1673 qua
318 1606 355 1651 re
387 1589 506 1671 postea
538 1606 645 1670 agam.
692 1584 789 1650 Nunc
820 1588 933 1650 autem
962 1584 1030 1650 alia
1062 1585 1215 1670 quaestio
1246 1587 1302 1651 est

152 1690 341 1772 tractanda,
366 1712 451 1776 quae
476 1693 529 1756 est
551 1690 592 1755 de
616 1690 776 1756 leonibus.

209 1906 268 1973 De
291 1907 510 1988 leonibus,
534 1929 627 1972 num
651 1910 694 1972 et
716 1928 796 1993 quo
821 1906 1018 1971 fortasse
1040 1904 1158 1971 modo
1182 1904 1234 1971 ad

278 2030 631 2118 antiquissimam
656 2029 881 2096 Graeciam
903 2016 1173 2116 pertineant.

239 2161 405 2230 Diversae
428 2160 537 2228 adhuc
559 2161 701 2227 fuerunt
723 2159 785 2225 hac
807 2160 844 2225 in
866 2182 903 2225 re
927 2158 1117 2225 sententiae
1141 2158 1298 2238 archaeo-

151 2266 307 2355 logorum
330 2271 366 2333 et
388 2265 646 2355 philologorum‚
674 2287 781 2352 neque
803 2263 838 2328 id
862 2264 983 2330 mirum
1006 2272 1076 2330 est
1113 2263 1201 2329 Nam
1223 2262 1297 2351 phi-

151 2371 257 2458 lologi
280 2372 437 2439 nituntur
459 2371 590 2438 litteris
623 2372 682 2452 ita,
715 2374 755 2436 ut
778 2373 904 2455 negent
935 2368 1111 2436 exstitisse
1140 2368 1185 2447 id,
1210 2367 1301 2455 quod

152 2476 350 2543 litterarum
373 2476 568 2543 testimonio
592 2479 725 2557 careat3
751 2475 866 2561 itaque
881 2473 1033 2539 leonibus
1049 2473 1119 2539 illis
1135 2472 1299 2539 fabulosis

152 2585 193 2648 ut
226 2582 373 2648 Nemaeo
409 2581 583 2648 Heliconio
618 2580 764 2667 Thespio
797 2579 872 2655 aliis
907 2579 1044 2664 probari
1077 2587 1204 2664 negant
1237 2576 1300 2644 hoc

152 2686 343 2754 venationis
367 2709 472 2772 genus
497 2686 532 2751 in
564 2709 627 2751 usu
649 2686 764 2752 fuisse.
810 2684 862 2751 De
895 2684 956 2750 hac
988 2707 1025 2750 re
1048 2683 1115 2750 iam
1138 2682 1300 2748 Welcker

152 2791 187 2857 iu
210 2791 429 2858 adnotatione
454 2791 597 2879 quadam
620 2792 726 2857 verba
748 2788 893 2874 fecit20).
940 2789 1050 2855 Unum
1074 2787 1162 2853 enim
1184 2790 1300 2852 aucto-

152 2919 222 2964 rem
245 2896 456 2964 Herodotum
468 2896 507 2982 621)
530 2896 669 2962 tradere
692 2894 806 2961 leones
838 2893 1009 2960 exstitisse
1041 2893 1132 2958 inter
1155 2891 1301 2957 Nestum

152 3007 188 3069 et
210 3002 405 3084 Acheloum,
430 3002 555 3068 fabulis
579 3007 693 3068 autem
715 2999 921 3066 aPausania
943 2997 1090 3064 narratis
1116 2996 1200 3062 nihil
1221 3019 1300 3084 pro·

152 3107 235 3173 bari.
281 3107 499 3174 Welckerum
522 3110 656 3172 secutus
681 3109 735 3171 est
765 3104 805 3170 de
828 3102 1111 3188 Wilamowitz22)
1134 3101 1325 3188 graviori·

152 3235 267 3242 ——-

152 3285 204 3338 hoc
222 3288 292 3338 Anu.
313 3283 337 3338 d.
359 3284 425 3338 Iust.
449 3287 524 3339 1880.
563 3284 627 3338 Tav.
648 3280 736 3352 d’agg.
753 3286 778 3336 Τ
795 3285 868 3351 (pag.
889 3285 940 3335 213
952 3281 1005 3350 sq.)
1024 3286 1053 3335 et
1071 3285 1181 3334 contra:
1203 3279 1301 3332 Milch-

152 3372 263 3427 hoefer:
293 3373 418 3442 Anftnge
444 3373 494 3428 der
511 3374 602 3428 Kuust
621 3372 650 3426 in
673 3370 881 3426 Griechenland.
919 3370 1034 3439 Leipzig
1055 3373 1130 3424 1883,
1157 3384 1219 3436 pag.
1240 3370 1300 3423 169.

223 3463 374 3517 Praeterea
391 3465 419 3517 in
439 3464 545 3518 caelato
565 3478 648 3532 opere
674 3467 758 3516 aeneo
778 3477 916 3530 percusso,
944 3459 1063 3527 quadiu
1082 3475 1166 3527 specu
1185 3457 1300 3512 Dictaeo

152 3552 351 3619 inveniebatur,
380 3560 493 3607 venator
522 3553 550 3606 in
579 3552 679 3605 umeris
709 3550 899 3619 capricornum
927 3555 1030 3618 portat,
1059 3549 1135 3602 cuius
1163 3546 1254 3624 pedes*
1273 3553 1301 3600 et

154 3658 256 3695 cornua
275 3649 339 3696 suut
359 3643 504 3711 conligata.
544 3642 658 3712 Septimi
678 3658 785 3709 quoque
804 3657 828 3695 a.
849 3641 895 3695 Ch.
916 3658 941 3695 n.
962 3639 1065 3694 saeculi
1089 3655 1157 3707 opus
1176 3644 1226 3691 est.
1264 3636 1299 3691 cf.

153 3731 249 3785 Jahrb.
269 3730 294 3785 d.
314 3732 397 3786 Arch.
416 3733 482 3786 lust.
504 3737 536 3786 13
557 3734 659 3802 (1898),
678 3749 704 3800 p.
727 3734 784 3785 142.
872 3744 875 3751 ·

242 3821 284 3875 De
303 3820 394 3875 studio
413 3821 531 3875 venandi
554 3823 664 3876 Cretum
684 3822 842 3875 Athenaeus
861 3819 948 3875 refert
967 3818 1038 3885 XIV,
1059 3821 1147 3884 630,c
1165 3819 1237 3886 (cap.
1253 3817 1300 3885 28)

155 3908 194 3965 Oi
212 3909 243 3965 δὲ
264 3915 371 3978 Κρῆτες
390 3913 576 3979 κυνηγετικοί,
596 3911 641 3964 διὸ
661 3911 710 3964 καὶ
728 3911 875 3971 ποδώκεις.

247 4003 290 4070 18)
311 4000 351 4056 Cf.
372 4000 406 4054 de
424 4000 663 4054 Wilamovitzium
681 4001 709 4053 in
729 4017 822 4053 comm.
843 4000 909 4052 Eur.
928 3998 1008 4050 Herc.
1027 3997 1061 4049 11.
1079 4011 1142 4065 pag.
1163 3997 1223 4049 344.

247 4093 291 4159 19)
310 4091 401 4144 P.-Ch.
421 4090 496 4144 Tom.
510 4090 557 4143 VI.
578 4106 639 4159 pag.
659 4093 713 4144 934
730 4106 773 4143 no.
794 4092 854 4143 496.

244 4184 289 4246 20)
309 4180 437 4234 Welcker
455 4179 499 4233 Kl.
520 4180 595 4234 Schr.
615 4179 649 4247 11,
669 4195 730 4248 pag.
755 4181 812 4232 199.
832 4177 894 4231 adu.
915 4179 957 4231 22.

244 4270 290 4338 21)
310 4269 411 4324 Herod.
425 4269 485 4336 VII,
508 4272 566 4323 126.
586 4269 628 4321 Ab
648 4285 679 4322 eo
699 4266 820 4337 pendent
839 4264 1002 4320 Aristoteles
1023 4269 1051 4317 et
1068 4264 1181 4318 Plinius.

243 4362 289 4430 22)
308 4359 372 4413 Wil.
392 4359 459 4413 Frur.
478 4359 558 4413 Herc.
580 4359 603 4412 l1
622 4376 647 4427 p.
668 4361 721 4413 290
740 4357 801 4412 adn.
821 4360 854 4410 41
875 4359 921 4424 (=
940 4356 964 4408 1²
983 4370 1009 4421 p.
1029 4357 1064 4406 44
1083 4353 1145 4408 adn.
1165 4353 1220 4422 73).
