2880 4734
775 280 817 346 52

313 456 440 526 Summi
468 456 629 523 momenti
658 459 713 523 est
743 455 945 549 scriptorem
974 457 1178 544 apparatum
1208 454 1298 522 artis
1331 476 1373 520 ex

224 562 467 630 diversissimis
497 562 692 648 regionibus
721 565 945 649 comportare.
991 561 1030 628 E.
1047 584 1080 648 g.
1110 560 1215 627 linum
1246 559 1374 627 retium

223 667 379 756 postulat
403 691 444 735 cx
459 666 669 754 Cartbagine
693 669 729 733 ct
745 665 914 750 Colchide,
937 687 1037 734 canes
1061 688 1103 733 ex
1119 665 1206 733 Asia
1227 668 1265 732 et
1283 665 1376 733 omni

223 771 379 840 Graecia
433 772 606 861 Equorum
636 774 750 839 autem
780 794 877 837 usum
906 771 1007 858 plane
1035 770 1187 858 despicit,
1220 770 1374 839 fortasse

223 877 313 965 quod
343 900 423 945 vere
453 877 576 945 nobilis
605 877 661 944 vir
689 898 757 942 non
784 877 863 943 fuit.
909 877 985 960 Qua
1014 899 1053 944 re
1080 875 1297 965 pervenimus
1330 877 1375 944 ad

223 987 354 1049 statum
376 982 555 1070 scriptoris
578 985 616 1049 et
637 985 796 1049 aetatem.

311 1088 449 1155 Vixisse
486 1088 625 1155 videtur
661 1089 815 1174 tempore
853 1110 919 1174 qno
955 1087 1141 1154 Persarum
1182 1083 1374 1174 periculum

222 1192 369 1259 nondum
390 1215 412 1260 a
434 1192 581 1260 Graecia
602 1193 779 1281 depulsum
801 1202 887 1276 erat,
915 1191 975 1260 sed
1003 1214 1135 1278 semper
1163 1191 1372 1274 imminebat,

222 1298 245 1363 i.
262 1320 290 1365 e.
315 1303 396 1366 ante
419 1297 609 1365 Alexandri
629 1299 746 1384 Magni
768 1297 1025 1385 expeditionem.

311 1403 441 1471 Deinde
461 1409 595 1492 tempus
618 1403 866 1470 determinatur
890 1424 929 1470 eo
952 1402 1043 1490 quod
1058 1401 1238 1491 scriptoris
1255 1405 1372 1470 aetate

223 1507 372 1575 studium
395 1508 539 1576 venandi
561 1507 662 1596 plane
677 1531 745 1575 non
758 1508 913 1575 florebat.
951 1506 1033 1574 Alio
1049 1506 1137 1575 enim
1149 1506 1248 1574 modo
1265 1509 1373 1574 verba

221 1612 379 1699 intellegi
401 1636 469 1680 non
497 1623 641 1701 possunt
669 1613 790 1700 quibus
820 1612 969 1700 explicat
999 1610 1114 1701 quales
1144 1611 1298 1680 homines
1328 1612 1372 1679 ad

222 1718 412 1785 venandum
448 1720 522 1807 apti
560 1720 639 1786 sint.
698 1718 888 1786 Praeterea
923 1717 986 1785 hoc
1028 1721 1182 1806 tempore
1226 1717 1371 1786 fuerunt

221 1823 371 1890 homines
394 1824 450 1911 qui
481 1823 626 1892 venandi
656 1823 805 1890 studium
834 1824 1083 1911 vituperarent,
1107 1822 1129 1889 i.
1146 1846 1177 1911 q.
1201 1824 1370 1891 excusati·

222 1927 340 1996 onibus
363 1929 439 1996 fuse
462 1934 498 1996 et
520 1929 635 1996 sedule
658 1928 821 2016 expositis
845 1928 965 1996 elucet.

309 2033 424 2120 Usque
440 2034 484 2101 ad
498 2034 643 2101 medinm
658 2035 817 2121 quartum
833 2033 1003 2101 saeculum
1016 2034 1155 2102 venatio
1171 2032 1207 2099 in
1221 2033 1371 2102 Graecia

220 2138 495 2207 Lacedaemoniis
519 2144 555 2206 et
570 2139 806 2207 Macedonibus
830 2139 980 2226 exceptis
996 2139 1032 2204 in
1046 2138 1118 2207 dies
1133 2139 1242 2227 magis
1259 2139 1369 2227 despi-

221 2245 385 2313 ciebatur.
430 2244 516 2311 Illos
539 2248 610 2312 tum
635 2244 768 2331 quidem
789 2243 875 2310 nihil
896 2243 1045 2312 valuisse
1067 2248 1214 2313 constat.
1259 2245 1370 2312 Mace

221 2349 324 2417 dones
346 2354 460 2417 autem
489 2351 618 2417 nobiles
649 2349 810 2437 quidquid
840 2349 1012 2417 faciebant
1041 2350 1139 2438 quasi
1169 2352 1369 2440 praecipere

220 2455 436 2542 incipiebant.
482 2455 605 2543 Itaque
628 2455 812 2522 verisimile
835 2456 972 2523 videtur
995 2456 1198 2544 scriptorem
1221 2479 1263 2524 ex
1291 2478 1368 2524 con·

221 2560 399 2627 suetudine
414 2560 631 2627 Macedonum
654 2582 831 2648 exponere,
856 2561 1019 2648 quomodo
1042 2560 1120 2648 apri
1141 2560 1367 2648 excipiantur.

308 2663 375 2731 Sed
401 2668 603 2752 argumenta
631 2664 821 2732 desiderari
850 2665 1003 2733 concedo.
1050 2666 1154 2734 Certo
1184 2688 1226 2733 ex
1254 2666 1368 2735 orien-

219 2768 348 2836 talibus
371 2769 505 2857 populis
535 2769 578 2838 ad
602 2769 752 2838 Graecos
782 2792 906 2838 novum
935 2770 1081 2838 venandi
1112 2771 1261 2838 studium
1289 2795 1368 2861 per·

219 2873 387 2942 veniebat.
433 2875 505 2942 Hoc
527 2877 696 2964 probatur
718 2898 782 2942 usu
804 2876 938 2963 saepius
960 2876 1100 2945 laudato
1131 2898 1250 2944 canum
1272 2876 1368 2944 Indi-

219 3001 343 3046 carum.
397 2981 594 3049 Herodotus
629 2981 669 3068 (I,
695 2981 770 3070 192)
806 2980 933 3069 primus
967 2982 1080 3048 refert
1112 2980 1232 3069 quanti
1265 3004 1367 3070 reges

221 3085 404 3153 orientales
426 3109 524 3154 canes
540 3087 676 3154 Indicas
693 3087 961 3156 aestimaverint.
997 3088 1129 3156 Deinde
1151 3087 1206 3176 (cf.
1224 3087 1319 3157 Otes.
1335 3091 1366 3158 5.

220 3189 370 3257 Aristot.
387 3191 418 3257 h.
429 3213 458 3258 a.
472 3192 571 3274 VIII,
583 3193 625 3258 27
638 3192 679 3260 de
690 3215 741 3259 an.
753 3216 830 3281 gen.
845 3194 893 3275 II,
905 3192 947 3278 7).
970 3193 1181 3260 Aristoteles
1193 3193 1236 3260 de
1248 3215 1367 3262 earum

221 3294 353 3381 origine
390 3296 525 3364 fabulas
563 3302 694 3381 narrat,
734 3299 853 3387 quibus
892 3321 990 3366 canes
1028 3304 1172 3386 propter
1208 3299 1367 3366 eximiam

219 3398 457 3468 fortitudinem
486 3402 723 3471 celeberrimas
754 3403 861 3472 fnisse
890 3406 1044 3491 apparet.
1097 3403 1180 3471 Cum
1199 3404 1366 3493 scriptor

218 3503 254 3569 in
292 3507 471 3574 venatione
509 3530 679 3595 aprorum,
717 3531 802 3597 quae
839 3510 872 3576 ei
907 3512 1003 3576 certo
1041 3511 1125 3577 bene
1158 3513 1242 3577 nota
1276 3515 1365 3593 erat,

218 3609 353 3678 Indicas
368 3613 531 3698 postulet,
553 3616 626 3680 tum
640 3615 676 3681 in
692 3614 839 3684 Graecia
853 3615 920 3681 iam
936 3615 1021 3683 satis
1037 3614 1186 3683 usitatae
1202 3615 1366 3684 videntur

218 3715 332 3783 fuisse.

228 3897 230 3899 ‚
306 3820 418 3910 Supra
441 3822 512 3888 dixi
535 3828 737 3911 argumenta
759 3824 885 3892 deesse.
924 3824 1051 3891 Tamen
1073 3847 1216 3893 menon
1237 3824 1365 3894 iniuria

219 3925 420 4014 scriptorem
446 3928 596 3997 omnibus
620 3951 706 4017 quae
735 3928 797 3996 hoc
824 3930 945 3996 ultimo
975 3930 1087 4017 capite
1115 3929 1247 4018 protuli
1275 3954 1364 3999 oom-

218 4030 392 4117 prehensis
415 4033 514 4101 initio
537 4035 680 4103 alterius
704 4035 815 4123 partis
838 4035 955 4123 quarti
977 4035 1103 4104 saeculi
1126 4059 1155 4104 a.
1171 4034 1230 4103 Oh.
1248 4059 1280 4104 n.
1304 4037 1364 4106 ad·

219 4136 367 4207 scribere
390 4161 488 4228 posse
511 4145 604 4227 puto.
650 4141 814 4208 Fortasse
836 4141 953 4208 floruit
977 4165 1018 4208 ex
1041 4141 1215 4210 350-330
1236 4164 1267 4210 a.
1284 4141 1363 4212 chr.
