2880 4734
687 225 729 290 57

135 400 272 468 dubitat
283 398 336 484 266)
368 403 483 468 utrum
514 398 731 483 ἀρχικύνηγοι
760 419 923 465 annorum
956 396 1100 480 1211120
1132 398 1168 462 et
1203 394 1282 480 1019

133 506 246 573 functi
268 505 339 571 sint
361 504 470 571 aulico
493 525 630 570 munere
653 525 698 570 an
720 503 835 591 potius
858 501 989 569 fuerint
1005 501 1157 568 Thebani
1176 500 1281 587 magi·

136 615 278 679 stratus.
323 609 417 677 Haec
439 609 551 697 opinio
574 612 741 696 probatur
763 608 991 676 consideranti
1012 629 1120 695 neque
1146 606 1282 693 regales

134 716 333 784 venationes
357 715 442 782 satis
464 715 602 782 crebras
617 715 735 797 fuisse,
759 719 799 782 ut
812 713 940 781 incolas
956 713 1076 781 bestiis
1091 712 1282 780 liberarent

136 843 244 909 neque
267 842 379 888 omnes
396 841 508 906 ,reges
537 819 675 887 venatui
708 819 824 886 eodem
853 818 950 886 modo
981 817 1161 885 studuisse.
1207 818 1281 900 Quo

135 927 264 994 factum
287 929 351 1008 est,
374 928 414 992 ut
437 948 478 991 ex
501 925 611 991 officio
633 924 829 1012 municipali
849 945 955 990 naves
975 923 1149 990 venaticae
1164 922 1282 990 Nilum

137 1031 341 1112 obtinerent,
370 1030 490 1118 quibus
513 1053 658 1097 summus
681 1033 825 1097 venator
847 1036 1019 1118 praeerat.
1063 1026 1211 1094 Accolae
1232 1026 1284 1092 in-

136 1136 243 1203 vicem
274 1138 373 1202 erant
405 1135 550 1222 obligati
581 1138 617 1202 et
647 1158 710 1222 pro
742 1135 883 1202 navibus
915 1133 1084 1219 armisque
1117 1131 1283 1199 venaticis

47 1291 49 1295 ·
137 1239 323 1327 vectigalia
355 1239 502 1329 pendere
538 1243 575 1307 et
609 1262 735 1306 summo
774 1239 933 1308 venatori
971 1239 1153 1322 στεφάνων
1190 1236 1282 1304 dare.

137 1345 232 1427 Quae
253 1344 429 1412 institutio
451 1366 557 1432 usque
581 1345 625 1411 ad
638 1345 866 1411 Romanorum
888 1346 1043 1430 tempora
1065 1345 1205 1409 servata
1220 1344 1283 1408 est.

411 1521 473 1587 De
504 1519 673 1587 Plauto
705 1522 750 1586 et
782 1518 1016 1586 Terentio.

225 1642 343 1711 Tertio
368 1643 500 1710 saeculo
520 1646 556 1711 et
570 1642 714 1710 secundo
730 1664 759 1708 a.
777 1640 836 1708 ch.
852 1666 884 1707 n.
908 1642 945 1707 in
960 1640 1105 1708 Graecia
1118 1639 1283 1727 imprimis

135 1748 201 1816 filii
222 1749 454 1817 adulescentes
477 1747 622 1815 divitum
645 1747 805 1814 videntur
827 1746 934 1813 nobili
956 1746 1103 1813 venandi
1118 1745 1231 1813 studio
1247 1768 1284 1812 se

137 1853 315 1921 dedidisse.
349 1852 548 1919 Hluduntur
569 1853 657 1919 enim
679 1875 701 1920 a
716 1851 889 1919 Carneade
911 1850 1121 1940 philosopho,
1147 1851 1204 1939 qui
1226 1872 1283 1918 eos

136 1957 221 2025 nihil
244 1957 311 2025 nisi
334 1957 489 2045 equitare
513 1961 549 2024 et
572 1957 690 2024 venari
713 1956 869 2023 didicisse
892 1956 1068 2023 contendit
1089 1960 1191 2044 atque
1221 1955 1283 2022 hoc

136 2067 273 2130 tantum
293 2065 487 2150 propterea,
511 2061 600 2149 quod
622 2062 783 2128 animalia
805 2062 879 2128 sola
901 2061 949 2128 eis
971 2084 1038 2128 non
1053 2061 1283 2128 blandiantur.

137 2167 201 2234 His
216 2167 326 2255 igitur
340 2166 549 2254 temporibus
573 2166 661 2232 viri
683 2190 751 2234 uon
766 2166 833 2233 iam
848 2169 1026 2249 venantur,
1051 2165 1283 2233 adulescentes

138 2276 253 2341 autem
276 2274 357 2338 sunt
379 2270 488 2353 iidem,
514 2294 596 2358 quos
619 2271 655 2337 in
676 2271 801 2338 fabulis
824 2271 953 2338 mediae
977 2274 1012 2337 et
1035 2293 1142 2338 novae
1157 2294 1285 2338 comoe-

138 2378 214 2445 diae
235 2377 362 2466 primas
382 2379 501 2465 partes
529 2375 639 2462 egisse
661 2377 807 2443 Plautus
839 2381 875 2443 et
898 2376 1079 2443 Terentius
1109 2376 1285 2462 praeclare

139 2481 333 2564 ostendunt,
369 2481 525 2567 quoniam
558 2481 717 2569 (irraeoae¹
740 2481 876 2548 fabulae
907 2504 974 2548 nou
1006 2485 1085 2548 suut
1117 2484 1285 2549 servatae.

138 2588 291 2674 Uterque
314 2587 458 2654 Latinus
482 2590 584 2675 poe'ta
605 2587 809 2674 gravissima
836 2586 1033 2654 testimonia
1062 2587 1214 2675 praebet,
1245 2586 1287 2653 de

139 2691 260 2779 quibus
284 2695 340 2759 est
362 2715 449 2758 nunc
472 2692 647 2779 agendum.

228 2795 270 2860 In
292 2795 408 2862 Plauti
423 2795 540 2864 Sticho
563 2797 759 2864 adulescens
783 2796 855 2863 sine
877 2797 949 2863 ulla
965 2795 1177 2862 dubitatione
1199 2795 1286 2862 artis

141 2900 318 2968 venaticae
341 2902 472 2987 peritus
494 2906 630 2989 patrem
651 2902 705 2968 his
728 2902 842 2970 verbis
866 2905 997 2968 monet:
1032 2900 1212 2968 «Stultitia
1234 2905 1287 2968 est

141 3009 251 3093 pater,
282 3010 442 3072 venatum
465 3006 587 3073 ducere
616 3007 742 3073 invitas
775 3029 891 3073 canes,
906 3006 970 3093 257).
1015 3006 1089 3072 Hoc
1119 3029 1186 3071 non
1215 3029 1287 3073 esse

141 3109 409 3178 additamentum
441 3111 639 3178 Plautinum
676 3111 827 3179 affirmat
860 3111 1052 3192 Terentina,
1092 3111 1148 3198 qui
1184 3116 1288 3199 poeta

141 3236 242 3303 quam
263 3215 406 3282 maxime
429 3218 581 3299 cavebat,
604 3238 646 3283 ne
662 3217 831 3284 Romanas
854 3239 908 3282 res
932 3217 967 3281 in
986 3215 1121 3282 fabulas
1138 3215 1287 3283 Graecas

141 3319 354 3387 immisceret.
405 3320 583 3388 Menandri
613 3326 708 3389 certo
739 3325 819 3389 sunt
848 3322 955 3388 verba
984 3320 1205 3387 Atheniensis
1215 3319 1287 3407 2ῑ’8);

212 3442 319 3529 «quod
340 3442 494 3531 plerique
519 3467 631 3511 omnes
656 3444 786 3510 faciunt
809 3443 1065 3524 adulescentuli,

208 3550 249 3613 ut
271 3547 417 3614 animum
440 3549 483 3615 ad
506 3548 643 3636 aliquod
666 3549 815 3616 studium
838 3548 1035 3634 adiungunt,
1059 3551 1121 3615 aut
1143 3572 1245 3636 equos

209 3650 302 3718 alere
324 3656 385 3719 aut
407 3675 506 3720 canes
529 3658 569 3719 ad
595 3653 794 3735 venandum,
819 3652 945 3720 autad
967 3652 1214 3741 philosophos.»

233 3790 329 3859 Siout
351 3791 583 3860 adulescentes
606 3794 674 3881 ipsi
697 3794 799 3860 etiam
823 3794 861 3878 ei
877 3793 934 3879 qui
950 3793 1091 3859 cumbis
1109 3797 1189 3859 sunt
1204 3795 1294 3861 servi

146 3900 182 3963 et
205 3895 266 3962 alii
286 3899 434 3963 utuntur
459 3899 596 3965 vocibus
622 3898 796 3965 venaticis.
843 3897 970 3964 Servus
994 3897 1029 3963 in
1052 3897 1163 3964 Milite
1190 3897 1295 3983 glori·

147 4023 205 4068 oso
216 4000 271 4087 2⁵⁹)
293 4024 328 4069 se
352 4025 425 4070 esse
447 4003 689 4090 inquisiturum
711 4003 890 4091 promittit
918 4003 1016 4089 quasi
1046 4024 1162 4068 canem
1192 4025 1294 4070 vena·

236 4217 300 4283 256)
320 4213 355 4268 ct
375 4215 396 4280 I,
407 4231 470 4283 pag.
493 4217 551 4269 162.
721 4217 785 4282 257)
806 4216 889 4269 Stich.
911 4218 970 4269 139.

237 4305 302 4374 258)
320 4303 407 4360 Andr.
425 4308 468 4359 57.
614 4307 678 4371 259)
697 4305 755 4359 Mil.
776 4304 811 4373 gl.
831 4307 891 4358 268.
