2880 4734
696 140 737 204 18

230 310 297 380 Sed
325 313 361 378 in
392 311 535 398 picturis
558 312 688 381 Atticis
719 315 812 380 rubr.
844 314 900 401 fig.
930 313 1131 402 posterioris
1162 313 1297 402 pulchri

143 416 234 483 modi
244 415 282 502 ⁷⁰)
312 416 401 483 idem
431 417 602 502 Meleager
625 417 747 485 Peleus
777 418 950 506 ceterique
979 422 1161 486 venatores
1192 418 1298 504 Caly-

144 520 236 587 donii
257 542 378 610 aprum
401 521 507 588 clavis
529 522 652 609 ligneis
676 527 878 611 appetentes
898 525 1095 612 pinguntur,
1121 527 1298 611 questum

144 631 305 693 consueta
326 625 361 691 in
385 648 487 713 apros
509 649 605 694 arma
626 620 733 694 fuisse
754 651 821 694 non
843 632 937 716 puto.
985 628 1036 695 At
1059 628 1209 695 artifices
1231 629 1298 695 tri-

144 733 291 797 buerunt
313 730 399 798 viris
423 730 587 798 fabulosis
611 753 707 798 arma
735 755 866 821 quoque
889 732 1046 799 fabulosa
1068 732 1186 800 eodem
1206 732 1295 813 iure,

144 858 208 924 quo
225 836 385 903 Castores
408 837 444 901 in
466 836 798 921 magnificentissima
819 837 888 904 alia
899 838 1047 925 ‘pictura
1058 837 1095 921 ²¹)
1112 837 1206 924 equis
1224 837 1296 904 suis

144 940 179 1006 in
202 941 277 1028 apri
298 945 427 1008 venatu
448 941 652 1026 utuntur72).

231 1046 324 1114 Haec
346 1046 455 1132 igitur
478 1046 588 1133 prima
610 1047 795 1114 difficultas
819 1047 930 1114 oritur
953 1071 994 1113 ex
1025 1046 1168 1114 materie
1196 1046 1297 1113 fabu-

143 1151 218 1219 losa
239 1150 461 1242 picturarum,
492 1155 536 1221 ad
559 1177 657 1242 quem
680 1156 810 1223 accedit
841 1156 963 1222 altera.
1008 1155 1163 1223 Pictores
1195 1155 1296 1239 enim,

144 1261 184 1324 ut
216 1280 319 1346 supra
350 1265 646 1328 commemoratum
678 1265 740 1342 est,
775 1262 833 1327 vix
861 1282 1009 1347 unquam
1038 1263 1220 1328 venatores
1253 1282 1298 1326 ex

144 1363 218 1431 vita
241 1364 476 1453 depinxerunt,
508 1365 566 1432 sed
595 1365 897 1433 innumerabilibus
927 1366 1010 1432 loeis
1041 1365 1119 1432 aliis
1150 1365 1297 1452 picturis

144 1469 198 1535 usi
222 1473 311 1551 sunt,
337 1491 420 1556 quas
444 1469 474 1535 si
497 1471 545 1537 eis
569 1470 696 1557 placuit
719 1469 774 1536 hio
796 1474 833 1538 et
853 1469 926 1536 illic
949 1472 1181 1537 mutaverunt.
1219 1469 1298 1535 Hoc

144 1573 180 1639 in
202 1573 278 1661 apri
302 1596 432 1662 quoque
448 1575 631 1661 Calydonii
646 1575 883 1643 venationibus
899 1575 1035 1642 ostendi
1049 1577 1175 1662 potest
1211 1573 1297 1641 Per-

144 1701 266 1766 magno
291 1688 404 1747 autem
428 1681 576 1748 eiusdem
598 1680 736 1748 fabulae
765 1681 947 1767 imaginum
978 1703 1116 1748 numero
1147 1678 1189 1746 dc
1219 1680 1298 1747 vita

145 1784 316 1851 cotidiana
350 1785 610 1852 Atheniensium
644 1785 752 1852 minus
787 1788 954 1873 probatur
988 1807 1087 1872 quam
1119 1807 1188 1851 una
1220 1785 1298 1852 sola

145 1889 282 1977 pictura
317 1888 490 1956 liberioris
529 1890 780 1979 compositionis
791 1890 844 1977 7³),
879 1891 915 1956 in
955 1912 1020 1979 qua
1054 1890 1120 1957 duo
1153 1889 1296 1956 iuvenes

145 2016 263 2081 aprum
285 1999 443 2062 necatum
466 1995 501 2060 in
523 1996 649 2063 umeris
673 2000 854 2082 reportant
869 1996 976 2062 tertio
993 1995 1124 2061 comite.
1159 1995 1212 2061 Ac
1225 2016 1298 2060 non

146 2098 253 2165 solum
275 2100 422 2167 Athenis
446 2101 569 2188 quain
591 2103 677 2167 urbe
699 2100 780 2167 haec
802 2100 914 2187 imago
938 2101 1030 2186 picta
1053 2103 1115 2181 est,
1140 2098 1199 2166 sed
1221 2100 1297 2166 ubi-

146 2227 210 2292 que
238 2208 311 2272 tum
342 2227 425 2294 aper
455 2208 557 2292 grata
585 2206 805 2273 venatoribus
834 2204 963 2293 praeda
992 2204 1069 2287 fuit,
1103 2203 1171 2270 etsi
1199 2209 1296 2271 certo

145 2311 318 2396 paulatim,
350 2312 552 2397 praesertim
581 2333 655 2377 oum
686 2310 771 2376 satis
801 2310 992 2397 periculosa
1022 2312 1113 2377 esset
1142 2308 1227 2389 fera,
1258 2309 1297 2374 in

146 2413 261 2480 devias
286 2415 442 2501 regiones
467 2415 622 2503 repulsus
646 2418 708 2481 est.

232 2518 373 2588 Gaudeo
391 2519 481 2606 quod
496 2519 658 2587 Thiersch
673 2542 804 2608 quoque
827 2520 862 2607 (1.
879 2542 906 2586 c.
923 2541 1000 2606 pag.
1019 2518 1094 2604 104)
1118 2539 1154 2584 se
1178 2520 1296 2586 obser·

145 2624 280 2702 vavisse
303 2625 387 2691 dicit
411 2646 528 2712 aprum
551 2625 723 2711 pertinere
745 2625 789 2692 ad
812 2625 985 2712 antiquius
1001 2630 1143 2711 tempus.
1181 2623 1295 2691 Multo

146 2731 257 2801 rarius
280 2754 356 2796 eum
378 2733 472 2797 certe
494 2731 530 2797 in
545 2730 733 2818 Tyrrhenis
756 2752 841 2818 quae
857 2730 1017 2797 dicuntur
1032 2727 1203 2817 amphoris
1219 2751 1297 2796 esse

145 2835 273 2922 pictum
297 2858 395 2924 quam
422 2836 459 2902 in
482 2836 670 2904 Corinthiis
702 2840 737 2903 et
761 2835 961 2903 Chalcidicis
992 2833 1143 2922 picturis.
1190 2832 1296 2902 Certo

145 2943 182 3007 in
210 2941 340 3008 Atticis
373 2943 450 3030 apri
479 2943 616 3009 venatio
651 2982 692 2992 —
716 2941 939 3026 Calydoniam
971 2940 1118 3026 excipias
1141 2977 1183 2986 —
1208 2941 1296 3008 satis

147 3045 286 3132 antiquo
309 3049 462 3133 tempore
486 3045 623 3133 depingi
646 3045 758 3112 desiit.

593 3253 655 3320 De
687 3252 849 3320 cervis.

236 3396 363 3463 Cervos
395 3395 574 3483 palmatos,
605 3394 664 3481 qui
695 3398 731 3460 et
753 3393 789 3458 in
810 3392 967 3460 heroicae
999 3393 1126 3461 aetatis
1153 3396 1296 3481 gemmis

147 3501 378 3584 inveniuntur,
417 3501 475 3568 vix
498 3500 541 3567 ad
565 3499 743 3566 Graeciam
765 3499 940 3585 pertinere
963 3498 1131 3585 Kelle174)
1164 3500 1296 3587 primus

238 3697 284 3765 70)
302 3695 384 3750 Gerh.
405 3698 437 3749 A.
452 3695 484 3747 V.
505 3697 556 3748 327
576 3693 812 3764 (Themissohale).

238 3790 284 3854 71)
303 3785 385 3839 Gerh.
406 3785 487 3853 Apul.
506 3785 571 3837 Vas.
591 3800 627 3837 no
646 3783 693 3837 IX.
713 3782 893 3852 (Praohtvase
912 3799 965 3835 von
983 3782 1135 3849 Armento).

239 3877 285 3945 72)
304 3875 336 3927 ln
354 3891 467 3929 numero
487 3888 633 3940 armorum,
660 3888 729 3938 quae
755 3870 867 3925 fabulae
886 3870 1028 3938 debentur,
1056 3871 1159 3925 securis
1186 3887 1297 3941 quoque

149 3969 205 4032 est3
233 3980 395 4033 quamquam
421 3963 521 4030 ubique
549 3963 651 4016 Ancaei
675 3961 790 4029 propria
816 3965 872 4028 est,
898 3961 927 4014 in
952 3966 1025 4015 testa
1052 3959 1169 4028 quadam
1193 3962 1297 4016 Melica

149 4053 288 4122 Meleager
305 4053 355 4108 illa
373 4053 470 4106 utitur.
489 4050 535 4120 (cf.
556 4051 621 4105 Otto
640 4051 729 4105 Jahn:
749 4049 904 4104 ‘Melisches
924 4047 1115 4118 Thonrelief’).

239 4146 285 4213 73)
305 4142 446 4197 Panofka:
467 4138 561 4195 Bilder
580 4141 693 4194 antiken
711 4139 819 4193 hebens
839 4143 863 4208 5,
874 4143 899 4194 2.

240 4236 283 4300 74)
304 4232 369 4287 Otto
382 4232 484 4300 Keller,
504 4230 585 4284 Tiere
604 4228 629 4284 d.
649 4228 733 4296 klase.
746 4229 907 4297 Altertums‚
926 4228 1081 4283 Innsbruck
1094 4232 1162 4283 1887
1175 4244 1239 4298 pag.
1252 4233 1297 4286 74.
