2880 4734
708 160 729 226 8

145 356 182 401 se
217 335 383 422 recepisse
417 334 460 400 ad
489 333 655 401 Thraciae
689 333 834 400 Nestum
868 336 904 400 et
936 332 1131 400 Acheloum.
1177 333 1301 421 Longa

146 441 410 509 ratiocinatione
432 441 496 508 hoc
526 441 650 509 lectori
679 441 887 530 persuadere
917 445 1077 530 temptat,
1113 441 1171 508 sed
1195 463 1299 530 argu-

144 547 356 614 mentatione
388 569 443 614 res
467 569 599 634 semper
621 547 763 629 carebit,
797 546 903 613 donec
925 568 1012 630 ossa,
1045 568 1131 634 quae
1153 568 1173 613 a
1195 552 1299 615 natu-

144 652 268 718 ralium
290 651 411 739 peritis
435 674 548 719 rerum
571 651 656 717 viris
680 651 832 718 recentia
863 650 1032 734 dicuntur,
1064 652 1099 717 in
1129 656 1299 719 excavata

144 764 242 824 terra
265 757 499 823 exhibeantur.
545 755 808 843 Furtwaengler
825 756 1123 823 aWilamowitzio
1146 758 1297 824 monitus

146 861 318 928 sententia
339 864 474 928 mutata
499 883 587 928 nnnc
610 866 743 929 censet:
768 861 819 927 Ob
842 860 904 927 der
920 861 1022 927 dee
1044 861 1081 926 in
1099 859 1196 948 jener
1218 862 1298 930 Zeit

143 967 180 1032 in
204 965 453 1033 Griechenland
482 965 634 1048 vorkam,
667 967 714 1033 ist
744 966 822 1033 sehr
853 965 1074 1033 zweifelhaft.
1122 958 1320 1048 Quomodo

145 1075 262 1138 autem
284 1071 350 1136 iam
366 1070 461 1136 illam
477 1071 688 1156 praeclaram
702 1071 922 1139 vivacitatem
936 1072 1118 1158 imaginum
1135 1071 1295 1157 explicet,

122 1174 232 1265 nihil
254 1175 408 1242 adnatat.
454 1175 542 1241 Nam
566 1177 769 1243 sententiam
800 1198 902 1259 suam,
935 1180 1050 1243 utrum
1079 1198 1134 1243 res
1165 1176 1297 1244 fuerint

145 1280 349 1368 importatae
372 1302 417 1347 an
438 1303 515 1361 non,
538 1283 654 1347 tacere
678 1280 797 1346 voluit.

139 1370 142 1376 ¹
231 1386 323 1472 Ergo
345 1384 428 1451 mihi
449 1385 536 1451 utile
558 1386 667 1451 visum
692 1388 754 1468 est,
778 1384 887 1451 denuo
911 1385 1064 1472 quamvis
1080 1386 1194 1471 paucis
1218 1407 1296 1452 ver·

145 1490 195 1557 bis
219 1513 397 1577 exponere,
422 1489 502 1577 quid
526 1490 657 1578 opinari
681 1489 783 1557 liceat
805 1493 841 1556 et
856 1489 937 1576 quid
953 1489 1062 1556 adhuc
1075 1491 1201 1556 nesciri
1217 1512 1295 1557 con·

143 1594 306 1662 fitendum
329 1596 385 1661 sit.
402 1634 445 1643 -
471 1595 583 1679 Reges
602 1595 830 1681 Mycenarum,
854 1615 1054 1681 quamquam
1077 1594 1162 1660 satis
1185 1617 1294 1681 parvo

144 1722 250 1786 regno
273 1703 467 1787 praeerant,
491 1699 602 1766 fortes
625 1703 662 1765 et
685 1699 870 1766 industrios
887 1698 994 1765 fuisse
1010 1722 1052 1765 ex
1067 1701 1295 1768 monumentis

144 1804 368 1890 cognoscitur.
414 1803 528 1870 Etiam
552 1803 661 1890 pluris
685 1804 859 1870 aestimari
890 1808 1005 1890 potest
1037 1805 1293 1891 antiquissimus

145 1907 267 1975 Cretae
292 1912 415 1975 status.
462 1908 589 1975 Tamen
610 1929 717 1996 pauca
739 1911 875 1974 tantum
897 1909 1036 1994 cognita
1058 1907 1217 1975 habemus
1250 1910 1294 1978 de

143 2013 219 2079 vita
240 2013 333 2079 illius
357 2013 494 2080 aetatis.

230 2117 405 2186 Nescimus
438 2118 527 2184 enim
560 2139 660 2205 quam
692 2117 763 2183 late
801 2117 956 2204 potentia
988 2121 1024 2184 et
1061 2119 1294 2185 commercium

143 2245 325 2310 regnorum
347 2223 383 2289 in
406 2223 572 2297 orientem
594 2223 780 2309 patuerint.
826 2221 998 2289 Videntur
1020 2221 1150 2290 incolae
1165 2245 1294 2290 merces

143 2329 330 2395 mutavisse
353 2350 426 2394 cum
456 2328 532 2394 aliis
555 2326 701 2415 populis,
733 2327 895 2414 imprimis
930 2350 1003 2393 cum
1026 2328 1223 2414 Aegyptiis
1256 2328 1296 2394 id

144 2432 233 2519 quod
256 2432 350 2499 vario
372 2431 470 2498 modo
493 2432 570 2499 fieri
592 2433 716 2519 potuit.
761 2433 833 2498 Aut
855 2437 1063 2499 mercatores
1092 2455 1188 2500 enses
1210 2455 1296 2500 anu-

143 2537 194 2603 los
217 2559 366 2624 gemmas
390 2537 475 2603 alias
499 2560 553 2604 res
566 2537 605 2623 27)
627 2541 726 2604 trans
757 2559 849 2603 mare
872 2537 1047 2623 Aegaeum
1077 2541 1296 2629 transporta-

143 2644 277 2707 verunt.
323 2643 397 2707 Aut
419 2641 454 2723 ii,
487 2641 545 2728 qui
573 2645 647 2708 tum
670 2640 833 2708 Graeciae
857 2645 983 2708 terram
1007 2642 1234 2708 continentem
1258 2645 1296 2709 et

143 2745 271 2813 insulas
295 2745 507 2829 habitabant,
531 2747 674 2813 navibus
690 2747 891 2834 Aegyptum
913 2749 1086 2833 petebant,
1112 2747 1184 2813 sive
1206 2770 1294 2814 mer·

144 2851 242 2918 candi
265 2851 337 2918 sive
361 2851 442 2917 belli
464 2873 575 2918 causa.
620 2851 797 2919 Postremo
827 2874 869 2918 ne
893 2851 1142 2933 obliviscamur,
1174 2875 1293 2918 moneo

144 2957 269 3022 multas
294 2978 349 3022 res
374 2955 415 3043 (e.
439 2978 472 3043 g.
497 2957 657 3041 sucinum)
681 2957 831 3043 antiquis
858 2956 1068 3042 temporibus
1091 2978 1294 3044 parmenus

143 3065 260 3128 mutuo
277 3061 424 3127 traditas
437 3083 536 3147 quam
552 3061 747 3147 longissime
762 3062 868 3127 fuisse
882 3061 1092 3148 deportatas.
1130 3061 1294 3129 Fortasse

145 3166 248 3232 etiam
282 3166 422 3253 probari
452 3169 568 3254 potest
600 3167 750 3233 artifices
783 3166 958 3233 exstitisse
989 3165 1025 3231 in
1048 3166 1202 3248 Graecia,
1236 3168 1295 3254 qui

143 3270 339 3358 Aegyptias
361 3293 416 3337 res
439 3271 602 3337 noverint
625 3271 697 3338 sive
719 3271 868 3358 ipsorum
891 3271 995 3338 oculis
1020 3272 1092 3338 sive
1107 3294 1169 3358 per
1184 3294 1294 3338 exem-

144 3374 264 3461 plaria.
325 3375 413 3442 Nam
446 3375 482 3440 in
514 3399 672 3443 mucrone
712 3376 871 3442 animalia
908 3381 943 3442 et
976 3376 1096 3463 planta
1128 3377 1294 3463 quaedam

144 3479 302 3567 Aegypti
324 3480 464 3568 propria
487 3484 566 3546 sunt
588 3480 836 3547 incrustatione
868 3481 967 3548 fictae
981 3481 1029 3567 ²⁸).
1076 3482 1148 3549 Nec
1170 3482 1294 3549 desunt

143 3585 213 3652 viri
243 3585 335 3651 docti
367 3585 425 3672 qui
456 3589 616 3652 censeant
637 3587 833 3674 Aegyptios
864 3586 1008 3653 invicem
1038 3608 1110 3652 esse
1139 3587 1292 3654 imitatos

145 3712 256 3777 opera,
281 3711 366 3776 quae
389 3712 431 3756 ex
449 3689 594 3756 Graecia
616 3691 652 3756 in
674 3691 875 3779 Aegyptum
898 3691 967 3758 sint
991 3695 1231 3779 transportata
1242 3691 1292 3779 29).

233 3885 279 3952 27)
299 3881 333 3936 cf.
355 3883 539 3938 Scbliemanni
567 3884 706 3954 Mycenas,
732 3887 779 3939 ubi
797 3887 826 3940 in
844 3887 1012 3954 postscriptc
1032 3884 1066 3939 de
1085 3886 1295 3940 struthocameli

144 3989 194 4026 ovo
214 3980 353 4029 narratur.

233 4065 279 4130 28)
297 4063 388 4119 P.-Gh.
408 4062 485 4117 Tom.
497 4062 544 4131 VI,
562 4063 599 4132 pl.
619 4062 706 4118 XVII.

233 4155 279 4219 29)
297 4152 355 4208 Ulr.
374 4152 492 4208 Kohler:
511 4153 611 4208 Athen.
624 4152 727 4207 Mittv
748 4155 842 4224 (1882)
861 4171 888 4224 p.
901 4157 968 4224 241;
989 4152 1169 4208 Studniczka:
1191 4155 1292 4209 Athen.

143 4240 216 4295 Mitt.
237 4243 270 4294 12
289 4243 383 4312 (1887)
401 4259 428 4310 p.
450 4245 479 4311 13
498 4261 521 4298 v.
542 4242 666 4312 Bissing:
685 4243 781 4299 Jahrb.
804 4247 836 4298 13
856 4245 950 4314 (1898)
969 4261 996 4312 p.
1014 4247 1058 4299 28.
