2880 4734
703 230 746 294 43

149 409 364 496 peregerunt
385 409 446 471 ant
467 405 504 471 in
525 405 661 472 lectulis
694 404 828 472 libidini
858 403 931 472 vini
962 408 999 472 et
1028 405 1152 473 amoris
1184 405 1301 474 dediti.

150 511 214 580 Sin
244 521 359 579 antem
388 511 464 599 qnia
498 511 652 597 corporis
687 509 968 578 exercitationem
1005 512 1200 598 quaerebat,
1233 534 1302 578 non

151 621 280 684 venatu
304 615 364 683 sed
384 615 519 681 luxuria
541 613 704 681 nobilium
726 637 889 702 equorum
919 637 975 682 res
1004 615 1189 684 familiares
1220 639 1298 682 suas

152 721 299 809 perdere
314 721 454 803 solebat,
472 720 561 787 sicut
579 718 828 807 Aristophanes
844 719 917 807 ipse
934 720 1085 788 ostendit
1095 719 1158 806 ¹⁸⁸).
1199 721 1299 788 Cives

150 827 379 894 Athenienses
402 826 469 913 ipsi
490 849 558 891 non
588 826 795 912 ignorabant
824 847 969 913 corpora
997 826 1141 894 humana
1171 832 1299 893 venatu

150 933 252 1000 valde
273 931 436 1012 exerceri,
467 931 560 997 cuius
584 931 637 997 rei
659 930 811 1018 exemplo
835 930 883 997 eis
907 931 1164 999 Lacedaemonii
1186 939 1296 1002 erant.

150 1039 275 1124 Itaque
297 1036 414 1124 populi
439 1035 659 1104 Atheniensis
684 1056 829 1123 persona
851 1036 887 1102 in
910 1035 1155 1122 Equitibns1⁸⁹)
1189 1037 1297 1105 Athe-

149 1143 283 1209 nienses
306 1141 396 1208 cives
426 1140 470 1207 ad
499 1141 687 1208 venandum
717 1163 847 1227 cogere,
874 1145 915 1207 ut
936 1141 1101 1209 Laconico
1132 1141 1210 1208 lusu
1240 1166 1295 1211 eos

150 1249 283 1315 virtute
306 1269 437 1335 quoque
459 1245 583 1313 bellica
604 1246 744 1328 afficiat,
768 1245 820 1311 his
844 1247 957 1315 verbis
982 1247 1046 1314 sibi
1069 1249 1247 1336 proponit:

266 1501 267 1504 Ἴ
374 1426 419 1508 μά
441 1427 497 1490 A?
522 1423 592 1488 ἀλλ’
616 1422 792 1505 ἀναγκάσω
814 1435 1009 1507 κυνηγετεῖν
1032 1423 1096 1506 ἐγὼ

368 1529 508 1604 τούτους
531 1528 680 1604 ἅπαντας
703 1529 915 1611 παυσάμενος
938 1529 1171 1613 ψηφισμάτων.

236 1703 310 1771 Hoc
343 1725 475 1791 quoque
508 1702 582 1769 loco
617 1702 657 1767 A.
693 1702 857 1769 insaniam
896 1724 1072 1769 causarum
1110 1703 1297 1770 forensium

149 1811 336 1896 vituperat.

236 1913 458 1981 Pervenimus
492 1913 535 1980 ad
567 1913 802 1980 difficillimum
833 1914 951 1981 locum.
997 1916 1038 1981 In
1069 1914 1173 1981 Pluto
1208 1915 1296 1981 enim

150 2020 350 2107 Chremylus
386 2042 485 2088 servo
521 2042 581 2087 suo
616 2018 754 2087 Carioni
787 2019 945 2108 explicat,
984 2027 1147 2108 quantum
1180 2020 1295 2088 valeat
1349 2033 1363 2065 s

148 2130 336 2213 argentum,
383 2123 579 2192 Corinthiae
624 2149 755 2213 quoque
792 2125 987 2192 hierodulas
1023 2128 1164 2214 pecunia
1209 2127 1294 2193 satis

147 2251 270 2318 magna
303 2231 346 2297 ad
379 2231 528 2316 gratiam
562 2232 772 2297 commoveri.
826 2231 909 2298 Cum
943 2231 984 2298 de
1017 2232 1148 2318 pueris
1169 2231 1295 2298 Carion

148 2340 261 2421 rogat,
286 2335 486 2421 Chremylus
510 2336 694 2423 respondet
717 2339 874 2403 strenuos
890 2337 1023 2424 quidem
1038 2337 1213 2424 pecuniam
1228 2359 1295 2401 non

147 2439 334 2526 postulare,
366 2441 425 2506 sed
447 2440 592 2507 nobilem
617 2464 734 2529 equom
758 2445 819 2508 aut
842 2463 939 2508 canes
964 2441 1211 2527 venaticas190).
1258 2439 1296 2506 Si

149 2544 224 2631 quis
257 2544 438 2613 concedere
471 2569 537 2611 non
570 2546 647 2613 vult
678 2569 799 2632 pueros
833 2569 907 2612 esse
938 2569 979 2614 ex
1012 2547 1128 2615 eadem
1157 2547 1295 2614 natione

149 2649 257 2716 dictos
281 2673 347 2737 qua
369 2651 576 2733 meretrices,
609 2656 724 2718 tamen
747 2673 844 2718 canes
874 2651 953 2719 illas
984 2653 1158 2720 venaticas
1190 2653 1295 2720 fuisse

147 2754 290 2821 Doricas
324 2755 408 2834 (sive
431 2740 634 2839 'Laconicas
672 2758 745 2823 sive
777 2756 940 2839 Creticae,
977 2757 1048 2824 sive
1082 2758 1231 2837 aliunde)
1265 2759 1296 2824 ei

145 2858 402 2946 persuadeatur.
460 2860 547 2927 Nam
585 2883 683 2928 canes
723 2861 809 2929 dono
848 2862 949 2929 datae
986 2863 1162 2930 venaticae
1199 2866 1295 2931 certo

145 2964 260 3050 magni
289 2965 393 3051 pretii
424 2966 565 3032 fuerunt
595 2968 691 3055 (quas
723 2968 756 3031 in
787 2967 938 3032 domibus
969 2966 1088 3054 amplis
1120 2968 1312 3058 exstitisse

144 3069 292 3136 Athenis
323 3071 414 3157 apud
442 3070 620 3137 Platonem
652 3071 808 3158 legimus)
836 3095 944 3159 neque
976 3076 1076 3139 erant
1108 3071 1143 3138 in
1173 3073 1295 3140 Attica

144 3179 257 3256 natae,
275 3176 334 3242 sed
349 3175 564 3263 importatae,
582 3177 647 3243 nisi
664 3178 756 3264 ipsae
772 3182 885 3245 tamen
900 3183 1060 3265 parentes
1077 3180 1133 3245 vel
1148 3180 1292 3267 priores.

145 3280 271 3368 Liquet
291 3285 405 3349 autem
427 3282 490 3348 hac
512 3306 550 3349 re
581 3289 692 3350 artem
721 3284 955 3370 cynegeticam
986 3284 1157 3373 delapsam
1185 3285 1291 3352 fuisse

146 3384 190 3450 ad
222 3408 405 3472 puerorum
437 3386 574 3454 delicias
607 3411 714 3476 neque
746 3389 932 3456 verisimile
964 3395 1017 3456 est
1048 3390 1108 3456 illa
1139 3391 1293 3474 μειράκια

146 3511 249 3578 apros
278 3490 331 3557 his
362 3491 498 3559 canibus
530 3516 603 3559 esse
635 3497 770 3576 venata,
803 3518 904 3583 apros
935 3518 1018 3582 quos
1049 3496 1092 3562 ad
1120 3496 1291 3564 venandos

145 3617 212 3661 non
236 3596 344 3661 solum
366 3598 452 3664 viris
475 3597 602 3664 adultis
619 3599 679 3665 sed
695 3600 795 3666 etiam
810 3599 1008 3668 fortissimis
1025 3602 1110 3667 viris
1127 3626 1210 3689 opus
1227 3607 1290 3669 est.

520 3773 581 3839 De
604 3772 911 3862 philosophis.

235 3898 484 3968 Descendamus
508 3902 552 3967 ad
568 3902 750 3988 scriptores
767 3903 935 3990 pedestris
954 3906 1127 3986 sermonis,
1154 3927 1294 3992 quorum

148 4007 288 4095 primum
305 4007 413 4075 locum
430 4009 606 4075 obtineant
620 4009 821 4097 philosophi.
858 4012 887 4076 E
904 4012 1023 4100 quibus
1035 4013 1136 4079 Plato
1153 4014 1291 4081 Atticus

238 4228 300 4295 188)
319 4225 353 4279 cf.
369 4226 576 4296 Pheidippidem
589 4229 616 4281 in
630 4229 699 4282 Nub.
718 4234 748 4284 15
759 4246 826 4298 sqq„
849 4230 946 4284 deinde
960 4235 1008 4285 Av.
1027 4234 1096 4285 1442
1111 4233 1216 4286 Eccles.
1230 4237 1290 4286 471.

237 4316 299 4383 189)
319 4315 390 4383 Equ.
412 4320 488 4372 1383.
648 4321 711 4388 190)
731 4320 802 4373 Plut.
824 4324 882 4376 158.
