2880 4734
721 243 763 310 38

166 419 277 489 lucide
311 424 456 487 venator
491 416 740 485 demonstratus
775 423 837 501 est,
874 417 1048 506 aptissime
1081 418 1246 487 Helenam
1279 418 1318 484 in

166 525 417 594 matrimonium
440 522 676 611 concupiscere
699 523 825 591 dicitur
847 524 881 589 in
905 524 1019 591 verbis
1043 523 1192 591 Helenae
1205 523 1259 610 112)

339 650 431 733 θηρᾷ
454 659 571 731 γαμεῖν
593 671 633 730 με

276 760 313 822 et
336 756 423 837 πλὴν
447 754 464 821 ὁ
487 753 645 837 θηρεύων
668 752 804 835 γάμους.

254 880 332 966 Ipse
355 875 621 964 Theoclymenus
644 879 766 963 postea
788 875 951 942 Helenam
973 875 1160 964 alloquitur
1174 874 1225 957 ¹⁷³)

338 1005 373 1065 τί
392 1009 500 1085 χρῆμα
526 998 654 1082 θηρῶσ’
680 997 781 1075 ἱκέτις
804 999 956 1083 ὠρέχθης
978 997 1078 1082 ἐμοῦ;
1147 992 1148 995 “

254 1124 416 1208 Quamvis
447 1123 494 1190 sit
524 1123 656 1211 ipsein
680 1144 761 1189 voce
790 1129 902 1206 θηρᾶν
930 1121 1114 1190 translatio
1145 1145 1213 1189 non
1241 1124 1316 1189 tam

166 1231 278 1301 audax
301 1228 532 1318 quamprimo
557 1229 681 1294 obtutu
704 1226 850 1308 videtur,
881 1230 996 1293 tamen
1024 1225 1127 1312 digna
1149 1230 1205 1294 est
1225 1247 1314 1314 quae

165 1337 454 1404 commemoretur.

253 1439 396 1507 Prolata
427 1460 507 1524 pars
539 1440 674 1516 tantum
708 1440 762 1502 est
793 1437 939 1504 omnium
972 1437 1124 1504 locorum
1156 1437 1215 1524 qui
1248 1437 1315 1502 huc

165 1549 333 1634 spectant.
376 1544 443 1611 Sed
465 1541 548 1608 mihi
569 1564 643 1608 esse
666 1541 788 1609 inutile
811 1541 992 1609 videbatur
1016 1543 1194 1610 materiem
1215 1564 1315 1609 accu-

163 1652 304 1732 mulare,
330 1650 409 1738 quia
431 1670 538 1735 neque
562 1669 675 1713 omnes
699 1647 790 1714 clare
822 1669 960 1734 operam
982 1652 1102 1735 poetae
1126 1648 1314 1715 ostendunt

163 1780 272 1845 neque
293 1755 375 1822 mihi
396 1755 432 1820 in
455 1754 516 1819 hoc
541 1753 701 1841 opusculo
725 1752 873 1839 spatium
896 1753 1112 1840 relinquitur,
1137 1756 1177 1820 ut
1200 1734 1334 1820 omnia¹

77 1850 81 1856 ⁴
163 1862 329 1929 adfinem
361 1860 552 1947 perducam.
597 1859 719 1944 Itaque
749 1858 911 1925 nonnulla
941 1861 1077 1926 tantum
1105 1858 1146 1925 de
1169 1858 1312 1925 consilio

164 1973 200 2034 et
235 1967 367 2034 ratione
404 1969 583 2052 po'e‘tarum
621 1963 747 2029 addere
778 1963 860 2029 mihi
893 1963 1006 2030 liceat.
1063 1964 1130 2046 Qui
1161 1964 1314 2050 triginta

163 2070 259 2138 annis
289 2075 370 2136 ante
393 2068 434 2135 de
456 2068 665 2156 metaphoris
695 2071 732 2134 et
760 2067 1043 2135 translationibus
1072 2069 1163 2155 apud
1188 2074 1311 2156 po'e'tas

162 2175 312 2263 tragicos
344 2173 484 2241 usitatis
523 2171 797 2260 scripserunt¹⁷4)
834 2172 1012 2238 materiem
1047 2172 1083 2238 in
1121 2173 1234 2261 capita
1268 2197 1312 2242 ex

163 2283 266 2347 rebus
289 2279 466 2366 desumpta
490 2278 741 2366 disposuerunt,
765 2277 863 2344 volut
885 2299 970 2365 quae
992 2284 1095 2365 pobta
1110 2278 1152 2345 de
1167 2301 1311 2367 corpore

162 2386 317 2466 humano,
352 2383 394 2450 de
426 2383 648 2470 agricultura,
682 2383 724 2449 dc
755 2383 983 2469 navigatione,
1018 2384 1060 2450 de
1089 2384 1233 2472 piscatu,
1270 2385 1312 2452 de

163 2498 291 2558 venatu
313 2487 571 2576 deprompserit.
618 2488 684 2555 Sed
700 2488 767 2554 iam
782 2486 939 2575 Rappold
956 2488 1040 2555 hanc
1054 2488 1313 2576 dispositionem

162 2593 393 2684 perturbavit,
417 2615 491 2659 cum
513 2593 548 2658 in
571 2592 714 2680 singulis
737 2592 895 2681 partibus
918 2593 1043 2660 iterum
1054 2594 1145 2662 locos
1161 2595 1312 2663 eiusdem

163 2723 280 2767 sensus
311 2698 506 2785 composuit.
557 2699 690 2765 Herzer
721 2699 853 2765 demum
881 2699 1049 2767 rationem
1078 2699 1311 2788 dispositionis

162 2805 262 2892 plane
297 2805 412 2871 vertit.
459 2803 586 2892 Incipit
620 2804 709 2869 enim
741 2826 807 2870 non
841 2826 861 2870 a
896 2806 1007 2886 rebus,
1042 2804 1101 2872 sed
1133 2804 1312 2872 consilium

161 2913 283 2999 poe'tae
318 2911 487 2976 observat.
543 2908 724 2976 Praeclare
754 2909 818 2976 sihi
858 2911 1092 2995 quaestionem
1127 2911 1309 2998 proponit:

163 3014 247 3095 ‘Quo
269 3015 367 3080 modo
391 3017 522 3101 politae,
544 3037 619 3080 cum
643 3014 690 3080 eis
715 3014 852 3103 proprie
875 3015 967 3081 dicta
988 3016 1093 3082 verba
1108 3018 1146 3081 et
1159 3015 1310 3103 appella-

161 3120 272 3186 tiones
295 3119 331 3184 in
353 3141 514 3206 personas
538 3124 599 3185 aut
618 3142 673 3185 res
690 3121 858 3207 quadrare
874 3144 940 3187 non
957 3121 1171 3203 videbantur,
1195 3127 1311 3190 trans-

160 3224 347 3291 lationibus
378 3223 650 3311 imaginibusque
681 3247 867 3292 sermonem
889 3225 1015 3292 maiore
1038 3225 1250 3293 sublimitate
1274 3231 1311 3294 et

161 3330 323 3397 claritate
357 3330 469 3397 conati
495 3333 575 3395 sunt
600 3329 738 3397 afficere
748 3330 773 3396 t’
818 3330 949 3397 Deinde
982 3332 1156 3399 contendit
1177 3332 1311 3400 Herzer

160 3457 316 3521 magnam
348 3444 481 3522 partem
518 3435 786 3502 translationum
820 3459 840 3503 a
873 3437 983 3523 poetis
1017 3438 1100 3524 ipsis
1135 3437 1310 3505 occasione

161 3539 243 3607 data
266 3541 374 3607 denuo
397 3563 468 3607 esse
494 3540 676 3608 formatam
699 3545 802 3629 atque
823 3541 910 3608 hanc
932 3564 1066 3609 causam
1085 3543 1199 3610 addit:
1225 3543 1310 3611 ‘Hoc

160 3645 258 3728 enim,
288 3650 329 3711 ut
358 3650 450 3732 puto,
483 3645 693 3730 argumentis
724 3648 862 3734 probari
894 3670 960 3714 non
992 3670 1073 3735 opus
1104 3651 1158 3714 est
1187 3653 1308 3736 poetas

160 3750 311 3836 tragicos
342 3751 472 3838 copiam
503 3749 796 3836 significationum,
826 3774 926 3839 quam
948 3775 990 3818 ex
1011 3752 1195 3820 maioribus
1217 3776 1310 3823 rece·

158 3860 296 3942 perant,
336 3856 487 3942 quamvis
526 3856 749 3943 metaphoris,
788 3879 875 3944 quae
908 3861 1003 3924 certo
1040 3857 1160 3943 lyricis
1194 3861 1308 3946 politis

251 4087 313 4154 172)
332 4085 393 4140 Hel.
414 4088 455 4138 aa.
476 4087 536 4139 314.
685 4089 746 4155 173)
768 4092 844 4142 1238.

251 4176 314 4243 174)
333 4175 432 4228 multos
458 4174 567 4228 libellos
592 4183 735 4229 enumerat
761 4178 788 4230 in
808 4178 903 4232 ultima
923 4195 984 4248 pag.
1004 4180 1116 4248 Herzer‚
1143 4181 1234 4235 Ueber
1253 4179 1307 4236 den

159 4262 305 4316 Gabrauch
331 4261 380 4316 der
405 4263 552 4332 Metapher
570 4264 596 4318 b.
616 4263 642 4319 d.
663 4265 826 4334 Tragikern.
863 4266 1059 4336 Zueibrhcken
1081 4272 1150 4323 1884
1174 4269 1216 4335 (cf
1233 4270 1308 4340 Rap·
1398 4332 1400 4337 ¹

158 4351 232 4421 pold,
246 4352 298 4407 Die
312 4352 481 4407 Gleichnisse
493 4353 538 4407 bei
554 4354 716 4425 Aeschylus,
731 4354 812 4424 Soph.
824 4372 850 4410 u.
865 4357 931 4412 Eur.
962 4356 1129 4427 Klagenfurt
1145 4362 1307 4432 1876-78).
