2880 4734
697 263 738 328 11

145 436 267 524 quibus
285 436 479 525 opuseulum
494 459 603 502 meum
619 437 840 524 praestrinxi,
858 439 1050 505 obstabant.
1086 439 1207 526 Pugna
1222 462 1296 506 cnm

144 541 256 609 tauris
278 541 372 609 facta
394 543 481 609 enim
504 565 570 608 nou
592 546 663 609 tam
687 546 762 609 erat
784 542 943 630 voluptas
965 567 1063 631 quam
1079 546 1291 614 caerimonia.

144 647 269 734 Itaque
291 669 399 712 meum
421 671 488 713 non
511 651 563 714 est
586 647 680 713 illius
712 648 875 733 imagines
906 648 1106 734 describere,
1137 652 1289 738 quamvis

143 774 272 838 negare
302 753 406 818 nolim
437 752 529 819 viros
561 753 815 840 antiquissimae
848 754 973 820 aetatis
1005 759 1124 823 tauros
1158 780 1290 845 quoque

143 880 220 924 esse
243 861 385 924 venatos
410 880 448 924 eo
473 857 622 940 consilio,
647 861 689 924 ut
711 858 802 924 vires
827 881 903 925 suas
928 864 1135 927 exercerent.

439 1416 482 1496 Da
506 1416 670 1498 imauiaum
693 1416 904 1484 vasculerum
927 1415 999 1483 fida.

234 1554 428 1643 Sequemur
450 1556 521 1623 tria
544 1556 657 1642 capita
680 1556 721 1622 de
744 1556 891 1623 vasculis
914 1556 1024 1642 pictis,
1048 1557 1168 1643 quibus
1189 1580 1291 1624 vena-

144 1659 255 1726 tiones
278 1659 523 1727 usitatissimae
540 1658 748 1725 Graecorum
770 1663 1084 1748 repraesentamur,
1110 1666 1291 1746 quaesunt

142 1765 281 1853 leporis,
305 1765 390 1851 apri,
415 1764 516 1831 cervi.

232 1870 310 1937 Non
333 1872 490 1936 tractabo
513 1870 676 1955 imagines
699 1870 778 1937 illas
795 1893 834 1937 eo
850 1870 1001 1953 consilio,
1025 1874 1065 1937 ut
1088 1871 1199 1938 omnia
1220 1894 1290 1937 mo·

144 1978 314 2056 numenta,
347 1997 433 2061 quae
455 1975 496 2041 de
521 1979 646 2041 venatu
670 1981 817 2053 exstant,
847 1976 1013 2060 coliigam,
1046 1976 1104 2042 sed
1128 1982 1291 2063 utquam

144 2080 287 2146 maxime
320 2103 454 2167 possum
489 2079 659 2166 explicem,
696 2101 780 2166 quae
815 2081 849 2145 in
887 2081 1055 2147 usitandis
1088 2081 1289 2167 imaginibus

143 2184 297 2251 difficilia
321 2185 399 2251 sint.

437 2363 497 2428 De
528 2362 706 2450 leporis
739 2363 998 2428 venatione.

233 2502 306 2585 Quo
331 2526 435 2591 supra
457 2504 529 2570 loco
556 2504 597 2570 de
619 2503 812 2589 fragmento
833 2503 964 2569 vascu1i
979 2503 1155 2587 Mycenaei
1177 2507 1290 2570 actum

146 2611 208 2691 est,
232 2609 356 2696 inquo
388 2614 532 2676 venatus
565 2611 713 2676 fortasse
743 2609 871 2695 leporis
904 2609 1092 2695 inspicitur,
1125 2608 1225 2694 plura
1249 2609 1290 2675 de

145 2714 317 2801 leporibus
352 2715 542 2801 expositum
577 2715 622 2779 iri
656 2714 932 2800 promittebatur.
985 2714 1058 2780 Hoc
1090 2714 1292 2801 promissum

146 2842 233 2885 nunc
256 2819 449 2906 explebitur
472 2820 634 2902 eomodo,
659 2824 697 2887 ut
715 2820 756 2885 de
771 2819 877 2887 variis
895 2819 1073 2902 generibus
1096 2819 1289 2904 imaginum,

148 2925 268 3011 quibus
282 2924 409 3010 leporis
425 2925 563 2992 venatio
580 2949 638 2992 seu
655 2925 833 2992 exhibetur
855 2948 913 2991 seu
928 2923 1109 3005 indicatur,
1134 2924 1291 2990 continue

147 3034 282 3116 agatur.
328 3031 477 3118 Lepores
501 3054 543 3097 ex
574 3031 818 3118 antiquissimis
848 3031 1057 3117 temporibus
1088 3029 1122 3093 in
1147 3028 1292 3095 Graecia

147 3156 247 3220 quam
282 3136 512 3220 gratissimam
549 3136 655 3201 fuisse
692 3135 853 3222 praedam
886 3135 968 3199 mihi
1001 3156 1200 3220 persuasum
1237 3137 1292 3199 est

146 3261 254 3326 neque
276 3263 475 3327 quemquam
496 3241 693 3308 testimonia
716 3241 891 3327 postulare
915 3239 1025 3306 credo.

232 3345 431 3431 Imaginum,
465 3367 550 3433 quae
573 3346 637 3412 huc
660 3348 826 3432 spectant,
858 3345 929 3410 tria
951 3366 1078 3429 genera
1101 3343 1292 3409 discernere

146 3448 229 3515 mihi
260 3450 347 3517 utile
377 3450 487 3516 visum
514 3450 626 3536 est42),
659 3451 804 3536 primum
836 3449 1031 3515 continetur
1062 3448 1132 3515 illis
1164 3448 1291 3534 leporis

147 3555 393 3638 venationibus,
425 3556 545 3642 quibus
578 3556 771 3642 saepissime
793 3558 941 3640 angusta
970 3575 1055 3620 zona
1079 3554 1292 3619 vasculorum

149 3663 302 3742 ornatur,
339 3661 487 3726 alterum
521 3661 568 3727 eis
601 3659 772 3727 liberioris
807 3660 1058 3747 compositionis
1089 3658 1292 3744 imaginibus

147 3764 216 3850 nig.
241 3766 308 3851 fig,
343 3766 463 3852 quibus
498 3767 572 3832 vita
605 3788 686 3831 vere
721 3764 891 3831 cotidiana
925 3765 1130 3831 describitur
1166 3764 1293 3850 (lepore
1367 3815 1369 3818 .

148 3874 267 3936 necato
295 3871 456 3958 captatio,
490 3893 589 3957 quam
612 3871 824 3937 venationem
856 3871 1031 3935 nominare
1062 3868 1175 3946 nolim,
1208 3868 1294 3951 iudi-

149 3977 269 4060 catur).
308 3976 532 4056 Traducimur
553 3998 614 4063 per
637 3975 816 4042 nonnullas
841 3977 933 4040 rubr.
958 3975 1014 4061 fig.
1038 3975 1212 4058 imagines
1237 3973 1295 4039 ubi

149 4080 320 4147 occasione
345 4081 427 4147 data
448 4081 597 4163 heroum,
628 4084 670 4146 ut
691 4082 743 4146 ita
766 4080 882 4161 dicam,
907 4081 1044 4146 venatio
1071 4078 1294 4164 significatur,

237 4275 282 4344 42)
300 4275 407 4329 Pottier
429 4275 511 4345 (Ball.
532 4291 602 4330 corr.
622 4275 685 4330 hell.
701 4279 768 4330 1893
788 4291 849 4344 pag.
863 4277 927 4344 227)
948 4275 1073 4328 similiter
1091 4273 1194 4342 leporis
1213 4289 1294 4328 vena·

147 4363 252 4418 tionum
269 4364 401 4433 imagines
420 4365 509 4432 pictas
528 4365 557 4418 in
577 4370 707 4432 quattuor
726 4380 826 4433 genera
846 4363 967 4418 dividere
986 4368 1108 4418 conatur.
