2880 4734
622 237 660 300 17

71 415 211 478 servata
233 413 313 477 sunt
335 409 442 496 nigris
466 411 596 497 figuris,
619 410 740 492 rubris,
763 410 906 498 ectypis,
938 410 1049 478 rubris
1072 411 1215 499 posteri-

70 519 139 582 oris
171 516 322 598 aetatis,
339 515 416 581 alia.
469 516 596 582 Tamen
626 515 688 581 illa
719 514 937 582 multitudine
968 515 1151 602 imaginum
1180 516 1216 581 in

70 620 184 688 studio
207 641 307 707 apros
338 620 484 687 venandi
514 620 732 688 describendo
761 643 829 686 non
858 619 908 686 ita
938 620 1144 705 adiuvamur,
1174 624 1216 687 ut

68 727 176 815 primo
200 728 324 792 obtutu
353 725 465 794 iuvari
494 725 655 792 videmur.
702 725 788 791 Nam
818 725 892 791 loco
921 726 1112 793 venationis
1141 727 1216 813 apri

70 831 270 913 cotidianae,
302 852 401 918 quam
424 853 451 897 e.
468 854 501 917 g.
524 831 561 897 in
590 831 739 918 ampulla
769 832 911 919 quadam
940 831 1215 898 Protocorinthia

70 957 158 1024 quae
181 935 355 1021 dicitnr)
378 935 582 1024 inspicimus,
613 936 867 1003 describebatur
895 935 1013 1003 fabula
1041 937 1214 1023 quaedam.

72 1042 253 1129 Perpauois
277 1040 427 1129 exceptis
436 1039 476 1127 65)
500 1063 611 1108 omnes
635 1051 755 1128 postea
777 1040 939 1127 imagines
963 1041 1007 1108 ad
1035 1063 1137 1108 unam
1164 1043 1215 1108 fa·

70 1148 189 1213 bulam·
220 1149 384 1234 spectant,
421 1166 507 1233 quae
541 1149 595 1212 est
627 1145 669 1212 de
701 1145 882 1213 venatione
916 1145 990 1234 apri
1026 1145 1216 1233 calydonii.

71 1253 282 1339 Quamquam
303 1250 366 1317 hac
376 1251 412 1316 in
432 1250 520 1318 serie
534 1250 718 1338 imaginum
734 1251 860 1338 optimo
876 1250 973 1317 modo
989 1252 1214 1337 cognoscitur,

69 1357 191 1445 quibus
206 1357 398 1423 rationibus
415 1377 471 1422 ars
486 1355 647 1443 pingendi
661 1355 751 1444 apud
767 1355 917 1442 singulas
932 1361 1052 1442 gentes
1066 1355 1216 1423 Graecas

69 1461 196 1529 sensim
219 1466 320 1529 aucta
343 1461 398 1544 sit,
429 1464 543 1528 tamen
566 1460 684 1547 quavis
707 1461 843 1548 pictura
872 1460 998 1527 iterum
1026 1460 1216 1548 iterumque

71 1568 213 1634 docetur
243 1567 393 1633 artifices
423 1589 490 1631 non
519 1565 731 1632 venationem
763 1568 958 1632 consuetam
989 1569 1070 1632 ante
1101 1566 1214 1632 oculos

68 1672 229 1739 habuisse
251 1671 500 1759 posterioribus
524 1669 703 1758 praecipue
725 1669 944 1758 temporibus,
974 1671 1034 1738 sed
1054 1671 1214 1750 fabulam,

70 1799 171 1864 quam
200 1778 433 1864 depingerent.
478 1775 529 1842 Ut
558 1774 682 1842 clarius
711 1797 810 1862 quam
841 1775 981 1842 difficile
1012 1776 1059 1842 sit
1092 1799 1133 1841 ex
1164 1775 1216 1842 his

68 1882 212 1969 picturis
236 1903 320 1948 vera
342 1883 543 1966 argumenta
566 1878 730 1946 deducere
754 1878 926 1967 explicem,
950 1903 1120 1947 armorum
1134 1884 1215 1948 utar

70 1987 233 2073 exemplo.
285 1987 327 2052 In
355 1984 574 2069 celeberrimo
605 1983 665 2050 iilo
694 1985 842 2068 vasculo,
876 1985 964 2072 quod
994 1989 1055 2052 sub
1084 1987 1216 2053 nomine
1329 2009 1333 2016 ·

69 2091 282 2177 Franooisssss)
304 2095 423 2157 notum
446 2094 508 2173 est,
539 2112 581 2157 ex
603 2093 750 2177 utraque
772 2094 873 2178 parte
895 2090 964 2158 viri
986 2091 1095 2157 fortes
1112 2091 1216 2177 quasi

69 2197 116 2264 ad
138 2197 263 2264 bellum
285 2196 390 2263 scutis
412 2195 522 2262 hastis
546 2196 680 2261 ensibus
703 2194 819 2261 fundis
847 2196 973 2262 armati
1001 2218 1120 2284 aprum
1149 2196 1217 2262 iam

70 2303 285 2370 vulneratum
301 2300 488 2368 includunt.
522 2299 599 2367 Duo
615 2304 750 2367 tantum
765 2299 940 2386 sagittarii
955 2300 1214 2388 conspiciuntur,

71 2431 155 2496 quos
177 2409 341 2475 barbaros
364 2428 436 2474 esse
460 2427 501 2472 ex
524 2405 711 2472 nominibus
734 2405 949 2492 intellegitur
962 2405 1010 2490 61).
1056 2406 1133 2472 Non
1156 2404 1215 2471 du·

70 2514 164 2580 bium
194 2516 247 2579 est
279 2511 359 2600 quin
392 2509 513 2578 Clitias
547 2511 639 2578 viros
671 2510 898 2577 Athenienses
929 2510 1081 2597 pinxerit
1111 2511 1214 2577 armis

73 2640 155 2686 suae
177 2618 282 2706 ipsius
306 2617 432 2684 aetatis
456 2620 605 2683 armatos
630 2615 748 2701 (=VI.
772 2637 857 2682 saec.
881 2637 910 2682 a.
928 2615 987 2681 Ch.
1004 2615 1059 2700 n).

159 2721 288 2789 Deinde
319 2721 356 2787 in
387 2720 495 2807 cylice
528 2720 709 2807 Glauoytis
742 2723 778 2787 et
807 2719 975 2786 Archiolis
1007 2720 1145 2808 Mopsus
1180 2724 1216 2786 et

73 2826 246 2912 Meleager
256 2824 296 2912 ⁶⁸)
329 2825 384 2892 vel
414 2826 449 2890 in
478 2825 605 2891 duabus
628 2823 705 2891 aliis
727 2824 872 2912 picturis
895 2824 981 2911 nigr.
1003 2824 1060 2910 fig.
1083 2823 1213 2891 Atticis

72 2932 163 2998 sexti
187 2928 361 3016 saeculi⁶⁹)
390 2933 571 2998 venatores
595 2928 774 3017 Calydonii
804 2950 923 3015 aprum
953 2933 1077 3016 petunt
1105 2929 1215 2996 hastis

71 3035 277 3102 tridentibus
302 3038 338 3101 et
360 3033 562 3116 bidentibus,
586 3055 671 3120 quae
694 3036 789 3100 sexto
814 3034 946 3100 saeculo
970 3033 1006 3099 in
1028 3033 1215 3100 bestiarum

74 3143 201 3206 venatu
223 3139 374 3206 usitatae
397 3142 486 3205 sunt.

160 3334 207 3401 64)
227 3332 262 3387 rs.
281 3332 391 3386 Notizie
409 3330 482 3400 degli
500 3331 575 3386 soavi
596 3334 663 3385 1895
682 3346 744 3399 pag.
767 3334 824 3384 157.
851 3330 926 3401 (adn.
949 3334 974 3400 1)
1001 3330 1035 3385 cs.
1055 3346 1102 3385 vas
1121 3332 1217 3410 Boeot.

70 3426 201 3489 geometr.
221 3422 320 3476 Athen.
340 3420 413 3475 Mitt.
432 3424 467 3475 26
485 3423 579 3490 (1901)
599 3419 655 3474 tab.
675 3423 699 3476 5.

133 3543 135 3547 ν
161 3513 208 3579 65)
227 3510 411 3578 Excipiuntur
429 3524 451 3563 e.
465 3527 490 3578 g.
509 3508 656 3577 vasculum,
683 3508 727 3561 cui
746 3508 870 3563 Dodwell
888 3526 985 3564 nomen
1012 3510 1094 3577 dedit,
1121 3511 1217 3579 (Exhi-

71 3601 153 3654 betur
181 3599 252 3654 enim
282 3599 391 3654 venatio
420 3596 610 3668 Thersandri.)
642 3604 670 3652 et
697 3599 878 3653 Caeretanum
910 3599 1046 3667 quoddam
1077 3599 1216 3654 vasculum

70 3690 157 3759 (Mon.
176 3688 202 3743 d.
222 3689 288 3743 Inst.
308 3688 381 3754 v111,
394 3691 445 3757 17).

161 3781 207 3846 66)
226 3778 300 3832 Mon.
313 3776 340 3832 d.
359 3778 424 3831 Inst.
439 3777 485 3846 IV,
505 3777 542 3845 pl.
561 3777 729 3847 leerlll
748 3783 776 3831 et
788 3777 1010 3846 Vorlegebl'atter
1029 3784 1048 3833 t.
1062 3780 1103 3833 111
1121 3782 1214 3850 (1889)

70 3869 108 3938 pl.
129 3872 206 3936 1-5,
226 3873 253 3922 et
272 3868 307 3923 aL
326 3867 403 3924 locis.

160 3959 207 4024 67)
227 3961 361 4026 Κιμεριος
379 3963 407 4012 ct
428 3957 550 4027 Τοξαμις
568 3956 615 4028 (dc
635 3972 701 4011 arcu
720 3956 757 4010 cf.
777 3956 841 4010 Wil.
861 3957 928 4012 Eur.
948 3957 1030 4012 Herc.
1045 3959 1168 4027 11‚344).

161 4050 207 4116 68)
227 4047 308 4101 Gcrh.
329 4048 360 4100 Δ.
375 4047 406 4100 V.
426 4050 552 4114 2351236.
574 4072 605 4094 =
626 4047 714 4101 Wicn.
733 4046 888 4115 Vorlegebl.
910 4051 978 4102 1889
997 4048 1053 4102 tab.
1073 4048 1106 4101 II.

162 4138 209 4204 69)
229 4135 310 4190 Geth.
331 4135 443 4190 Etrusk.
463 4152 489 4189 u.
508 4135 606 4203 Kamp.
625 4133 808 4191 Vasenbilder
826 4135 859 4188 X.
888 4135 963 4190 Mon.
977 4134 1002 4190 d.
1015 4135 1081 4189 Inst.
1100 4135 1162 4203 XII,
1175 4139 1214 4190 10.

71 4227 115 4280 De
134 4225 240 4293 origine
258 4224 371 4278 ultimus
390 4225 446 4294 egit
465 4225 604 4279 Hermann
629 4225 762 4280 Thicrsch
787 4224 1006 4294 “Tyrrhenische
1031 4224 1215 4293 Amphorcn’',

70 4314 186 4384 Leipzig
206 4318 282 4371 1899.
323 4362 326 4366 ,

988 4407 1007 4470 2
