2880 4734
694 253 736 323 62

144 427 377 516 philosophum
401 432 539 495 saturae
562 450 599 495 re
624 449 706 495 vera
721 428 871 495 Romane
895 427 1024 499 sentire
1046 427 1215 514 probatur
1231 424 1293 491 illo

145 531 289 599 Sallusti
299 531 363 617 ²⁸⁴),
387 554 452 619 quo
476 533 724 620 agriculturam
739 536 775 601 et
790 533 1004 609 venationem
1019 530 1164 598 servilio
1177 531 1295 597 officia

145 637 298 725 appellat
320 660 427 725 neque
451 638 571 724 dignas
595 639 714 725 quibus
749 640 853 718 otium
881 659 976 705 suum
999 637 1145 724 expleat.
1191 635 1293 703 Simi-

143 743 226 810 liter
249 749 382 810 centum
405 743 652 832 quinquaginta
682 743 778 810 aunis
808 746 890 831 post
913 742 1052 810 Tacitus
1085 742 1294 828 coniungere

145 848 250 914 verba
271 870 340 914 non
357 847 493 916 dubitat
508 849 609 915 haec:
632 848 773 935 <vanata
791 848 899 937 epulis
914 852 1052 935 atquae
1068 847 1136 914 alia
1149 847 1294 913 barbari

144 952 410 1039 celebrant>²⁸⁶).
459 952 513 1020 De
545 958 671 1021 venatu
703 953 786 1021 civis
819 954 990 1020 Romanus
1023 947 1173 1039 antiquis
1206 954 1305 1018 tem»

144 1059 283 1146 poribus
315 1058 362 1126 sic
391 1059 584 1145 cogitabat:
615 1059 699 1126 Mihi
722 1064 774 1126 est
805 1057 1007 1126 commodius
1037 1056 1295 1124 multitudinem

143 1163 296 1252 leporum
326 1164 361 1230 in
391 1164 519 1253 saeptis
553 1165 597 1231 ad
619 1164 707 1231 hunc
728 1164 827 1233 finem
860 1163 1033 1230 institutis
1066 1163 1159 1229 alere
1191 1185 1293 1250 quam

142 1291 206 1354 pro
233 1291 455 1356 unoquoque
479 1291 540 1356 per
565 1269 665 1336 boras
688 1269 856 1337 laborare.
893 1269 968 1351 Qua
990 1268 1126 1335 ratione
1148 1289 1292 1335 commo-

144 1377 200 1440 tus
235 1375 376 1442 creabat
407 1373 470 1441 illa
505 1396 546 1440 ex
572 1373 736 1441 Varronis
768 1373 809 1441 de
842 1395 880 1440 re
912 1374 1042 1440 rustica
1075 1372 1175 1438 libris
1207 1377 1294 1439 nota

143 1478 390 1567 leporaria²⁸⁰).
424 1479 555 1546 Deinde
578 1501 651 1546 cum
671 1484 794 1567 gustus
818 1501 935 1546 cervos
958 1501 1058 1567 apros
1082 1477 1150 1544 alia
1172 1482 1292 1565 postu·

143 1584 243 1668 laret,
269 1606 329 1651 eae
351 1607 483 1672 quoque
502 1584 596 1651 serae
612 1585 647 1651 in
663 1585 790 1672 saeptis
806 1583 998 1665 alebantur,
1023 1605 1108 1671 quae
1124 1591 1185 1649 aut
1202 1584 1292 1651 sicut

143 1693 247 1756 antea
289 1688 462 1777 leporaria
506 1696 568 1756 aut
605 1689 737 1755 vivaria
750 1689 804 1774 281)
840 1689 1110 1755 nominabantur.
1172 1688 1292 1755 Aliter

145 1793 278 1862 Gemoll
290 1794 345 1876 288)
381 1795 422 1862 de
454 1795 517 1862 hac
547 1818 585 1861 re
616 1795 754 1862 videtur
787 1794 935 1861 iudicare
968 1817 1006 1860 eo
1039 1794 1112 1861 loco
1143 1817 1209 1881 quc
1234 1794 1291 1880 <de

144 1899 485 1985 magnificentissimis
519 1901 707 1987 aequalium
742 1901 908 1967 Varronis
945 1900 1089 1987 saeptis>
1127 1900 1290 1988 loquitur.

144 2006 278 2073 Iniuria
307 2008 395 2074 enim
424 2008 628 2074 contendere
650 2008 904 2094 Kiesslingium,
937 2009 1018 2076 haec
1045 2009 1119 2075 fere
1142 2007 1292 2075 Gemolli

146 2118 226 2182 sunt
257 2117 372 2198 verba,
405 2115 552 2182 studium
583 2116 728 2182 venandi
753 2115 920 2182 Graecum
952 2116 1124 2183 Ciceronis
1157 2116 1291 2183 demum

145 2227 262 2291 aetate
285 2246 319 2291 se
343 2224 432 2312 apud
456 2225 545 2291 cives
569 2225 698 2291 nobiles
721 2225 891 2291 Romanos
923 2226 1158 2293 insinuavisse.
1207 2226 1291 2293 Cum

146 2328 257 2396 Varro
282 2329 323 2396 de
347 2352 384 2395 re
408 2331 538 2396 rustica
560 2330 607 2413 Π,
632 2330 662 2412 9,
686 2333 705 2395 ὅ
728 2334 872 2413 moneat,
906 2353 948 2397 ne
971 2330 1124 2417 agricola
1146 2353 1167 2398 a
1191 2353 1292 2398 vena·

143 2435 277 2501 toribus
301 2435 357 2500 vel
379 2435 479 2501 laniis
503 2457 601 2502 canes
624 2442 724 2518 emat,
757 2458 829 2502 cum
853 2435 921 2518 III,
948 2437 987 2502 12
1011 2436 1053 2503 de
1074 2436 1291 2522 magnificen-

144 2540 284 2606 tissimis
298 2538 449 2605 ferarum
466 2541 593 2626 saeptis
605 2540 793 2627 aequalium
807 2564 944 2607 suorum
956 2541 1098 2619 referat,
1115 2544 1291 2628 postremo

143 2668 216 2712 cum
240 2645 383 2711 Romani
411 2668 451 2710 ne
474 2667 576 2711 unam
604 2646 737 2732 quidem
760 2669 874 2713 vocem
898 2646 1030 2732 (laudat
1053 2649 1173 2733 aperte
1197 2645 1292 2712 Wei-

144 2751 240 2834 sium)
264 2759 407 2816 venatus
430 2750 486 2816 vel
514 2750 648 2837 aucupii
671 2751 741 2817 sint
763 2753 920 2833 mutuati,
952 2751 1103 2839 quemvis
1127 2753 1292 2838 oportere

144 2855 341 2923 concludere
364 2856 442 2922 illas
466 2854 662 2942 voluptates
694 2878 767 2923 esse
797 2858 960 2943 genuinas
984 2859 1154 2924 Romanas
1185 2861 1291 2943 atque

146 2959 276 3027 Graeco
308 2983 400 3027 more
431 2982 537 3047 paene
568 2960 727 3027 intactas.
773 2961 823 3028 Ut
854 2967 1065 3049 argumenta,
1099 2961 1219 3048 quibus
1255 2984 1292 3027 sc

144 3088 243 3153 posse
264 3066 512 3152 Kiesslingium
534 3067 732 3133 convincere
748 3066 883 3134 Gemoll
900 3070 1015 3154 putat,
1040 3071 1292 3153 perscrutemur

107 3252 109 3255 Υ
144 3170 341 3257 incipiamus
366 3194 408 3237 ex
423 3171 552 3251 ultimo,
576 3171 666 3257 quod
681 3172 809 3238 Weisio
826 3172 978 3239 debetur.
1024 3171 1172 3239 Graecas
1188 3194 1291 3239 voces

146 3276 319 3343 venaticas
352 3276 388 3341 iu
416 3276 526 3342 latina
556 3276 671 3362 lingua
702 3299 768 3341 non
798 3277 944 3343 inveniri
968 3277 1063 3344 varie
1086 3277 1289 3364 explicatur.

144 3381 262 3469 Neque
292 3382 380 3448 euim
402 3382 564 3448 Romanis
594 3381 678 3468 ipsis
707 3382 857 3470 antiquis
888 3382 1023 3449 venatio
1054 3391 1130 3449 erat
1157 3382 1290 3468 ignota,

145 3487 204 3554 sed
234 3487 332 3555 modo
365 3486 540 3573 indignum
574 3510 656 3573 opus
691 3490 867 3575 putabant,
903 3487 993 3575 quod
1024 3510 1045 3554 a
1071 3488 1179 3554 libero
1212 3487 1290 3555 viro

146 3596 373 3675 exerceretur,
397 3614 505 3679 neque
528 3594 589 3658 hac
611 3592 646 3657 in
668 3615 705 3659 re
729 3591 874 3659 Graecia
898 3593 971 3660 sola
993 3598 1046 3660 est
1068 3591 1289 3680 respicienda.

146 3698 234 3765 Nam
266 3697 487 3763 inveniuntur
523 3720 620 3764 voces
657 3699 834 3764 venaticae
865 3721 932 3765 uon
968 3699 1107 3786 proprie
1143 3697 1291 3784 Latinae

144 3802 241 3869 velut
265 3823 387 3887 sparus
410 3823 528 3866 rumex
549 3801 688 3887 tragula
704 3802 782 3888 (nisi
799 3802 915 3889 fallor)
932 3807 968 3870 et
983 3802 1073 3889 apud
1088 3802 1289 3885 Varronem,

233 3987 297 4054 284)
317 3985 381 4039 Sall.
402 3986 465 4039 bell.
486 3986 564 4041 Catil.
585 3988 632 4053 lv,
654 3992 676 4041 1.
792 3989 856 4056 285)
876 3988 939 4041 Tac.
960 4004 1022 4042 ann.
1042 3988 1077 4056 II,
1096 3990 1138 4042 56.

232 4078 297 4146 286)
316 4077 433 4130 Varron.
453 4092 474 4129 r.
485 4093 507 4129 r.
527 4077 575 4144 Ill,
598 4081 629 4129 12
648 4076 693 4143 (cf.
714 4078 762 4145 Ill,
782 4081 818 4138 3).

233 4169 297 4236 287)
318 4168 484 4222 Columellas
509 4184 531 4221 r.
543 4185 566 4221 r.
585 4171 609 4236 8,
631 4183 651 4236 1,
670 4184 697 4237 43
724 4172 748 4237 9,
769 4185 789 4238 1,
809 4183 829 4223 a.
859 4168 895 4223 cf.
914 4168 1093 4236 Marquardt:
1114 4168 1290 4223 Privatleben

144 4254 193 4309 der
211 4257 329 4311 Roemcr
346 4273 409 4325 pag.
430 4261 488 4311 141.

235 4348 299 4412 288)
318 4346 430 4415 Gemoll,
450 4347 502 4402 Dic
520 4347 636 4402 Realien
654 4347 699 4401 bei
718 4348 818 4417 Horaz,
839 4349 949 4418 Berlin,
969 4349 1019 4405 Bd.
1039 4350 1085 4419 llI,
1104 4368 1131 4419 p.
1150 4353 1193 4406 33.
